<?xml version="1.0" encoding="UTF-8"?>
<!DOCTYPE html PUBLIC "-//W3C//DTD XHTML 1.0 Transitional//EN"
    "http://www.w3.org/TR/xhtml1/DTD/xhtml1-transitional.dtd">
<html xmlns="http://www.w3.org/1999/xhtml" xml:lang="en" lang="en">
 <head>
  <title>
</title>
<meta http-equiv="Content-Type" content="text/html;charset=utf-8" />
  <meta name='ocr-system' content='tesseract 3.04.00' />
  <meta name='ocr-capabilities' content='ocr_page ocr_carea ocr_par ocr_line ocrx_word'/>
</head>
<body>
  <div class='ocr_page' id='page_1' title='image "./deverborumtrans00hoffgoog_0047.png"; bbox 0 0 3067 4525; ppageno 0'>
   <div class='ocr_carea' id='block_1_1' title="bbox 2577 265 2684 335">
    <p class='ocr_par' dir='ltr' id='par_1_1' title="bbox 2577 265 2684 335">
     <span class='ocr_line' id='line_1_1' title="bbox 2577 265 2684 335; baseline -0.009 0"><span class='ocrx_word' id='word_1_1' title='bbox 2577 265 2684 335; x_wconf 73' lang='lat'>43·</span> 
     </span>
    </p>
   </div>
   <div class='ocr_carea' id='block_1_2' title="bbox 470 464 2682 3897">
    <p class='ocr_par' dir='ltr' id='par_1_2' title="bbox 470 464 2682 3897">
     <span class='ocr_line' id='line_1_2' title="bbox 473 464 2674 554; baseline -0.004 -16"><span class='ocrx_word' id='word_1_2' title='bbox 473 473 707 538; x_wconf 79' lang='lat' dir='ltr'><strong>mixtae</strong></span> <span class='ocrx_word' id='word_1_3' title='bbox 754 469 1015 554; x_wconf 83' lang='lat' dir='ltr'>originis</span> <span class='ocrx_word' id='word_1_4' title='bbox 1061 471 1242 538; x_wconf 90' lang='lat' dir='ltr'>libris</span> <span class='ocrx_word' id='word_1_5' title='bbox 1286 467 1744 551; x_wconf 84' lang='lat' dir='ltr'>Bambergensi</span> <span class='ocrx_word' id='word_1_6' title='bbox 1793 467 1910 533; x_wconf 82' lang='lat'>421</span> <span class='ocrx_word' id='word_1_7' title='bbox 1965 467 2054 552; x_wconf 88' lang='lat' dir='ltr'>(c)</span> <span class='ocrx_word' id='word_1_8' title='bbox 2121 473 2184 532; x_wconf 93' lang='lat' dir='ltr'>et</span> <span class='ocrx_word' id='word_1_9' title='bbox 2227 464 2674 547; x_wconf 83' lang='lat' dir='ltr'>Rhedigerano</span> 
     </span>
     <span class='ocr_line' id='line_1_3' title="bbox 475 587 2674 677; baseline -0.001 -19"><span class='ocrx_word' id='word_1_10' title='bbox 475 595 513 658; x_wconf 85' lang='lat'><strong>2</strong></span> <span class='ocrx_word' id='word_1_11' title='bbox 580 594 698 677; x_wconf 74' lang='lat'>(92)</span> <span class='ocrx_word' id='word_1_12' title='bbox 766 591 1101 658; x_wconf 79' lang='lat' dir='ltr'>exhibetur</span> <span class='ocrx_word' id='word_1_13' title='bbox 1174 591 1283 654; x_wconf 89' lang='lat' dir='ltr'>illa</span> <span class='ocrx_word' id='word_1_14' title='bbox 1342 592 1570 654; x_wconf 89' lang='lat' dir='ltr'>vocula</span> <span class='ocrx_word' id='word_1_15' title='bbox 1634 595 1782 671; x_wconf 90' lang='lat' dir='ltr'>post</span> <span class='ocrx_word' id='word_1_16' title='bbox 1842 589 2106 654; x_wconf 87' lang='lat' dir='ltr'>verbum</span> <span class='ocrx_word' id='word_1_17' title='bbox 2164 587 2471 651; x_wconf 80' lang='lat' dir='ltr'>auxiliare</span> <span class='ocrx_word' id='word_1_18' title='bbox 2551 594 2674 672; x_wconf 80' lang='lat' dir='ltr'>est,</span> 
     </span>
     <span class='ocr_line' id='line_1_4' title="bbox 476 708 2680 796; baseline -0.003 -17"><span class='ocrx_word' id='word_1_19' title='bbox 476 733 676 796; x_wconf 68' lang='lat' dir='ltr'>‘quare</span> <span class='ocrx_word' id='word_1_20' title='bbox 722 713 893 776; x_wconf 90' lang='lat' dir='ltr'>haud</span> <span class='ocrx_word' id='word_1_21' title='bbox 940 712 1070 776; x_wconf 88' lang='lat' dir='ltr'>scio</span> <span class='ocrx_word' id='word_1_22' title='bbox 1120 731 1201 774; x_wconf 90' lang='lat' dir='ltr'>an</span> <span class='ocrx_word' id='word_1_23' title='bbox 1248 711 1459 791; x_wconf 91' lang='lat' dir='ltr'>aliquo</span> <span class='ocrx_word' id='word_1_24' title='bbox 1508 710 1647 773; x_wconf 92' lang='lat' dir='ltr'>iure</span> <span class='ocrx_word' id='word_1_25' title='bbox 1697 708 2010 788; x_wconf 88' lang='lat' dir='ltr'>conicias,</span> <span class='ocrx_word' id='word_1_26' title='bbox 2079 709 2529 788; x_wconf 84' lang='lat' dir='ltr'>intempestiva</span> <span class='ocrx_word' id='word_1_27' title='bbox 2575 729 2680 774; x_wconf 87' lang='lat' dir='ltr'>ex-</span> 
     </span>
     <span class='ocr_line' id='line_1_5' title="bbox 470 827 2678 917; baseline -0.002 -18"><span class='ocrx_word' id='word_1_28' title='bbox 470 833 800 917; x_wconf 89' lang='lat' dir='ltr'>plicatoris</span> <span class='ocrx_word' id='word_1_29' title='bbox 838 831 1104 895; x_wconf 89' lang='lat' dir='ltr'>alicuius</span> <span class='ocrx_word' id='word_1_30' title='bbox 1137 849 1335 912; x_wconf 89' lang='lat' dir='ltr'>opera</span> <span class='ocrx_word' id='word_1_31' title='bbox 1356 829 1570 894; x_wconf 87' lang='lat' dir='ltr'>versui</span> <span class='ocrx_word' id='word_1_32' title='bbox 1604 829 1671 892; x_wconf 92' lang='lat' dir='ltr'>in</span> <span class='ocrx_word' id='word_1_33' title='bbox 1704 829 1868 893; x_wconf 91' lang='lat' dir='ltr'>libro</span> <span class='ocrx_word' id='word_1_34' title='bbox 1903 827 2248 909; x_wconf 86' lang='lat' dir='ltr'>archetypo</span> <span class='ocrx_word' id='word_1_35' title='bbox 2283 828 2458 892; x_wconf 90' lang='lat' dir='ltr'>illam</span> <span class='ocrx_word' id='word_1_36' title='bbox 2481 828 2678 894; x_wconf 90' lang='lat' dir='ltr'>fuisse</span> 
     </span>
     <span class='ocr_line' id='line_1_6' title="bbox 474 948 2676 1034; baseline -0.003 -15"><span class='ocrx_word' id='word_1_37' title='bbox 474 953 1008 1034; x_wconf 79' lang='lat' dir='ltr'>superscriptam,</span> <span class='ocrx_word' id='word_1_38' title='bbox 1077 951 1245 1015; x_wconf 91' lang='lat' dir='ltr'>unde</span> <span class='ocrx_word' id='word_1_39' title='bbox 1312 951 1377 1014; x_wconf 92' lang='lat' dir='ltr'>in</span> <span class='ocrx_word' id='word_1_40' title='bbox 1431 954 1674 1014; x_wconf 88' lang='lat' dir='ltr'>textum</span> <span class='ocrx_word' id='word_1_41' title='bbox 1737 949 1968 1013; x_wconf 90' lang='lat' dir='ltr'>deinde</span> <span class='ocrx_word' id='word_1_42' title='bbox 2033 948 2158 1011; x_wconf 89' lang='lat' dir='ltr'>alio</span> <span class='ocrx_word' id='word_1_43' title='bbox 2226 948 2368 1011; x_wconf 91' lang='lat' dir='ltr'>loco</span> <span class='ocrx_word' id='word_1_44' title='bbox 2417 948 2496 1013; x_wconf 93' lang='lat' dir='ltr'>ab</span> <span class='ocrx_word' id='word_1_45' title='bbox 2553 949 2676 1012; x_wconf 89' lang='lat' dir='ltr'>alio</span> 
     </span>
     <span class='ocr_line' id='line_1_7' title="bbox 473 1066 2675 1152; baseline -0.003 -16"><span class='ocrx_word' id='word_1_46' title='bbox 473 1073 735 1136; x_wconf 90' lang='lat' dir='ltr'>librario</span> <span class='ocrx_word' id='word_1_47' title='bbox 781 1077 1042 1152; x_wconf 86' lang='lat' dir='ltr'>recepta</span> <span class='ocrx_word' id='word_1_48' title='bbox 1089 1090 1227 1135; x_wconf 88' lang='lat' dir='ltr'>esse</span> <span class='ocrx_word' id='word_1_49' title='bbox 1272 1070 1583 1134; x_wconf 88' lang='lat' dir='ltr'>videatur.</span> <span class='ocrx_word' id='word_1_50' title='bbox 1634 1068 1816 1132; x_wconf 87' lang='lat' dir='ltr'>Adde</span> <span class='ocrx_word' id='word_1_51' title='bbox 1864 1069 2035 1148; x_wconf 90' lang='lat' dir='ltr'>quod</span> <span class='ocrx_word' id='word_1_52' title='bbox 2058 1085 2268 1148; x_wconf 92' lang='lat' dir='ltr'>neque</span> <span class='ocrx_word' id='word_1_53' title='bbox 2297 1068 2520 1133; x_wconf 88' lang='lat' dir='ltr'>Cicero</span> <span class='ocrx_word' id='word_1_54' title='bbox 2548 1066 2675 1147; x_wconf 84' lang='grc'><strong>1.1.,</strong></span> 
     </span>
     <span class='ocr_line' id='line_1_8' title="bbox 484 1187 2621 1271; baseline -0.002 -17"><span class='ocrx_word' id='word_1_55' title='bbox 484 1197 706 1271; x_wconf 89' lang='lat' dir='ltr'>aperte</span> <span class='ocrx_word' id='word_1_56' title='bbox 733 1191 1139 1255; x_wconf 87' lang='lat' dir='ltr'>Cornificium</span> <span class='ocrx_word' id='word_1_57' title='bbox 1186 1191 1492 1268; x_wconf 90' lang='lat' dir='ltr'>imitatus,</span> <span class='ocrx_word' id='word_1_58' title='bbox 1541 1189 1699 1253; x_wconf 90' lang='lat' dir='ltr'>illud</span> <span class='ocrx_word' id='word_1_59' title='bbox 1747 1189 2212 1254; x_wconf 87' lang='lat' dir='ltr'>substantivum</span> <span class='ocrx_word' id='word_1_60' title='bbox 2262 1187 2621 1268; x_wconf 83' lang='lat' dir='ltr'>adscripsit.</span> 
     </span>
     <span class='ocr_line' id='line_1_9' title="bbox 650 1305 2682 1391; baseline -0.003 -17"><span class='ocrx_word' id='word_1_61' title='bbox 650 1311 795 1374; x_wconf 87' lang='lat' dir='ltr'>Jam</span> <span class='ocrx_word' id='word_1_62' title='bbox 844 1311 925 1374; x_wconf 89' lang='lat' dir='ltr'>ad</span> <span class='ocrx_word' id='word_1_63' title='bbox 970 1310 1143 1391; x_wconf 88' lang='lat' dir='ltr'>ipsas</span> <span class='ocrx_word' id='word_1_64' title='bbox 1200 1310 1640 1389; x_wconf 87' lang='lat' dir='ltr'>adsumptivae</span> <span class='ocrx_word' id='word_1_65' title='bbox 1702 1309 2178 1373; x_wconf 79' lang='lat' dir='ltr'>constitutionis</span> <span class='ocrx_word' id='word_1_66' title='bbox 2224 1314 2443 1387; x_wconf 91' lang='lat' dir='ltr'>partes</span> <span class='ocrx_word' id='word_1_67' title='bbox 2509 1305 2682 1386; x_wconf 91' lang='lat' dir='ltr'>quod</span> 
     </span>
     <span class='ocr_line' id='line_1_10' title="bbox 475 1425 2676 1512; baseline -0.002 -20"><span class='ocrx_word' id='word_1_68' title='bbox 475 1430 722 1508; x_wconf 85' lang='lat' dir='ltr'>attinet,</span> <span class='ocrx_word' id='word_1_69' title='bbox 773 1430 963 1493; x_wconf 90' lang='lat' dir='ltr'>alium</span> <span class='ocrx_word' id='word_1_70' title='bbox 1012 1430 1078 1493; x_wconf 92' lang='lat' dir='ltr'>in</span> <span class='ocrx_word' id='word_1_71' title='bbox 1122 1430 1583 1512; x_wconf 86' lang='lat' dir='ltr'>propositione,</span> <span class='ocrx_word' id='word_1_72' title='bbox 1633 1430 1828 1493; x_wconf 89' lang='lat' dir='ltr'>alium</span> <span class='ocrx_word' id='word_1_73' title='bbox 1865 1430 1930 1492; x_wconf 92' lang='lat' dir='ltr'>in</span> <span class='ocrx_word' id='word_1_74' title='bbox 1969 1425 2416 1508; x_wconf 87' lang='lat' dir='ltr'>explanatione</span> <span class='ocrx_word' id='word_1_75' title='bbox 2459 1444 2676 1488; x_wconf 85' lang='lat' dir='ltr'>earum</span> 
     </span>
     <span class='ocr_line' id='line_1_11' title="bbox 474 1543 2668 1631; baseline -0.002 -20"><span class='ocrx_word' id='word_1_76' title='bbox 474 1549 759 1614; x_wconf 88' lang='lat' dir='ltr'>ordinem</span> <span class='ocrx_word' id='word_1_77' title='bbox 807 1548 1429 1631; x_wconf 86' lang='lat' dir='ltr'>deprehendimus.*)</span> <span class='ocrx_word' id='word_1_78' title='bbox 1477 1549 1758 1612; x_wconf 90' lang='lat' dir='ltr'>Primam</span> <span class='ocrx_word' id='word_1_79' title='bbox 1808 1548 1976 1612; x_wconf 91' lang='lat' dir='ltr'>enim</span> <span class='ocrx_word' id='word_1_80' title='bbox 2023 1546 2384 1627; x_wconf 83' lang='lat' dir='ltr'>explanavit</span> <span class='ocrx_word' id='word_1_81' title='bbox 2431 1543 2668 1610; x_wconf 88' lang='lat' dir='ltr'>Cornif.</span> 
     </span>
     <span class='ocr_line' id='line_1_12' title="bbox 474 1666 2675 1749; baseline -0.001 -21"><span class='ocrx_word' id='word_1_82' title='bbox 474 1667 980 1749; x_wconf 87' lang='lat' dir='ltr'>concessionem,</span> <span class='ocrx_word' id='word_1_83' title='bbox 1048 1671 1225 1734; x_wconf 88' lang='lat' dir='ltr'>cuius</span> <span class='ocrx_word' id='word_1_84' title='bbox 1283 1674 1347 1733; x_wconf 94' lang='lat' dir='ltr'>et</span> <span class='ocrx_word' id='word_1_85' title='bbox 1401 1669 1468 1730; x_wconf 92' lang='lat' dir='ltr'>in</span> <span class='ocrx_word' id='word_1_86' title='bbox 1512 1666 1968 1746; x_wconf 86' lang='lat' dir='ltr'>propositione</span> <span class='ocrx_word' id='word_1_87' title='bbox 2003 1667 2246 1746; x_wconf 90' lang='lat' dir='ltr'>primus</span> <span class='ocrx_word' id='word_1_88' title='bbox 2291 1666 2470 1730; x_wconf 86' lang='lat' dir='ltr'>locus</span> <span class='ocrx_word' id='word_1_89' title='bbox 2519 1671 2675 1743; x_wconf 89' lang='lat' dir='ltr'>erat,</span> 
     </span>
     <span class='ocr_line' id='line_1_13' title="bbox 472 1784 2675 1865; baseline 0 -18"><span class='ocrx_word' id='word_1_90' title='bbox 472 1786 754 1864; x_wconf 89' lang='lat' dir='ltr'>perrexit</span> <span class='ocrx_word' id='word_1_91' title='bbox 802 1787 1063 1864; x_wconf 91' lang='lat' dir='ltr'>deinde,</span> <span class='ocrx_word' id='word_1_92' title='bbox 1132 1787 1303 1865; x_wconf 89' lang='lat' dir='ltr'>quod</span> <span class='ocrx_word' id='word_1_93' title='bbox 1357 1786 1588 1850; x_wconf 90' lang='lat' dir='ltr'>merito</span> <span class='ocrx_word' id='word_1_94' title='bbox 1647 1785 1929 1863; x_wconf 86' lang='lat' dir='ltr'>mireris,</span> <span class='ocrx_word' id='word_1_95' title='bbox 1996 1785 2077 1847; x_wconf 89' lang='lat' dir='ltr'>ad</span> <span class='ocrx_word' id='word_1_96' title='bbox 2135 1784 2414 1848; x_wconf 88' lang='lat' dir='ltr'>criminis</span> <span class='ocrx_word' id='word_1_97' title='bbox 2469 1790 2675 1848; x_wconf 88' lang='lat' dir='ltr'>trans-</span> 
     </span>
     <span class='ocr_line' id='line_1_14' title="bbox 471 1903 2676 1986; baseline -0 -21"><span class='ocrx_word' id='word_1_98' title='bbox 471 1903 806 1982; x_wconf 89' lang='lat' dir='ltr'>lationem,</span> <span class='ocrx_word' id='word_1_99' title='bbox 870 1904 1047 1968; x_wconf 91' lang='lat' dir='ltr'>cuius</span> <span class='ocrx_word' id='word_1_100' title='bbox 1093 1905 1157 1968; x_wconf 89' lang='lat' dir='ltr'>in</span> <span class='ocrx_word' id='word_1_101' title='bbox 1202 1905 1646 1986; x_wconf 89' lang='lat' dir='ltr'>propositione</span> <span class='ocrx_word' id='word_1_102' title='bbox 1693 1904 1872 1968; x_wconf 91' lang='lat' dir='ltr'>locus</span> <span class='ocrx_word' id='word_1_103' title='bbox 1917 1908 2056 1968; x_wconf 88' lang='lat' dir='ltr'>erat</span> <span class='ocrx_word' id='word_1_104' title='bbox 2102 1903 2362 1982; x_wconf 88' lang='lat' dir='ltr'>tertius,</span> <span class='ocrx_word' id='word_1_105' title='bbox 2410 1903 2676 1967; x_wconf 90' lang='lat' dir='ltr'>revertit</span> 
     </span>
     <span class='ocr_line' id='line_1_15' title="bbox 473 2022 2675 2105; baseline 0 -22"><span class='ocrx_word' id='word_1_106' title='bbox 473 2027 607 2084; x_wconf 89' lang='lat' dir='ltr'>tum</span> <span class='ocrx_word' id='word_1_107' title='bbox 655 2022 907 2086; x_wconf 91' lang='lat' dir='ltr'>demum</span> <span class='ocrx_word' id='word_1_108' title='bbox 954 2026 1037 2089; x_wconf 91' lang='lat' dir='ltr'>ad</span> <span class='ocrx_word' id='word_1_109' title='bbox 1084 2025 1361 2089; x_wconf 87' lang='lat' dir='ltr'>criminis</span> <span class='ocrx_word' id='word_1_110' title='bbox 1406 2024 1859 2103; x_wconf 84' lang='lat' dir='ltr'>remotionem,</span> <span class='ocrx_word' id='word_1_111' title='bbox 1908 2043 2098 2105; x_wconf 90' lang='lat' dir='ltr'>quam</span> <span class='ocrx_word' id='word_1_112' title='bbox 2145 2023 2348 2088; x_wconf 89' lang='lat' dir='ltr'>altero</span> <span class='ocrx_word' id='word_1_113' title='bbox 2395 2024 2538 2087; x_wconf 88' lang='lat' dir='ltr'>loco</span> <span class='ocrx_word' id='word_1_114' title='bbox 2584 2022 2675 2085; x_wconf 90' lang='lat' dir='ltr'>le-</span> 
     </span>
     <span class='ocr_line' id='line_1_16' title="bbox 472 2141 2673 2240; baseline 0.001 -36"><span class='ocrx_word' id='word_1_115' title='bbox 472 2141 675 2220; x_wconf 85' lang='lat' dir='ltr'>gimus</span> <span class='ocrx_word' id='word_1_116' title='bbox 710 2143 776 2205; x_wconf 90' lang='lat' dir='ltr'>in</span> <span class='ocrx_word' id='word_1_117' title='bbox 811 2143 1272 2224; x_wconf 85' lang='lat' dir='ltr'>propositione,</span> <span class='ocrx_word' id='word_1_118' title='bbox 1322 2144 1405 2207; x_wconf 91' lang='lat' dir='ltr'>ad</span> <span class='ocrx_word' id='word_1_119' title='bbox 1446 2149 1842 2223; x_wconf 86' lang='lat' dir='ltr'>postremum</span> <span class='ocrx_word' id='word_1_120' title='bbox 1887 2143 2188 2240; x_wconf 84' lang='lat' dir='ltr'>tractavit</span> <span class='ocrx_word' id='word_1_121' title='bbox 2235 2149 2298 2206; x_wconf 89' lang='lat' dir='ltr'>et</span> <span class='ocrx_word' id='word_1_122' title='bbox 2343 2143 2410 2206; x_wconf 92' lang='lat' dir='ltr'>in</span> <span class='ocrx_word' id='word_1_123' title='bbox 2458 2142 2673 2224; x_wconf 89' lang='lat' dir='ltr'>expla-</span> 
     </span>
     <span class='ocr_line' id='line_1_17' title="bbox 470 2262 2675 2345; baseline 0 -18"><span class='ocrx_word' id='word_1_124' title='bbox 470 2264 730 2327; x_wconf 86' lang='lat' dir='ltr'>natione</span> <span class='ocrx_word' id='word_1_125' title='bbox 808 2270 872 2328; x_wconf 90' lang='lat' dir='ltr'>et</span> <span class='ocrx_word' id='word_1_126' title='bbox 950 2262 1017 2327; x_wconf 90' lang='lat' dir='ltr'>in</span> <span class='ocrx_word' id='word_1_127' title='bbox 1095 2264 1539 2345; x_wconf 89' lang='lat' dir='ltr'>propositione</span> <span class='ocrx_word' id='word_1_128' title='bbox 1619 2264 2160 2344; x_wconf 89' lang='lat' dir='ltr'>conparationem.</span> <span class='ocrx_word' id='word_1_129' title='bbox 2275 2264 2432 2328; x_wconf 88' lang='lat' dir='ltr'>Cum</span> <span class='ocrx_word' id='word_1_130' title='bbox 2517 2262 2675 2327; x_wconf 88' lang='lat' dir='ltr'>alias</span> 
     </span>
     <span class='ocr_line' id='line_1_18' title="bbox 472 2382 2676 2464; baseline 0 -19"><span class='ocrx_word' id='word_1_131' title='bbox 472 2382 708 2447; x_wconf 88' lang='lat' dir='ltr'>Cornif.</span> <span class='ocrx_word' id='word_1_132' title='bbox 792 2383 1093 2464; x_wconf 82' lang='lat' dir='ltr'>religiose</span> <span class='ocrx_word' id='word_1_133' title='bbox 1174 2386 1553 2450; x_wconf 86' lang='lat' dir='ltr'>observasse</span> <span class='ocrx_word' id='word_1_134' title='bbox 1631 2385 1958 2449; x_wconf 88' lang='lat' dir='ltr'>videamus</span> <span class='ocrx_word' id='word_1_135' title='bbox 2043 2384 2110 2447; x_wconf 90' lang='lat' dir='ltr'>in</span> <span class='ocrx_word' id='word_1_136' title='bbox 2188 2386 2379 2449; x_wconf 88' lang='lat' dir='ltr'>rebus</span> <span class='ocrx_word' id='word_1_137' title='bbox 2463 2382 2676 2463; x_wconf 87' lang='lat' dir='ltr'>expla-</span> 
     </span>
     <span class='ocr_line' id='line_1_19' title="bbox 475 2501 2676 2583; baseline 0.001 -22"><span class='ocrx_word' id='word_1_138' title='bbox 475 2501 699 2563; x_wconf 89' lang='lat' dir='ltr'>nandis</span> <span class='ocrx_word' id='word_1_139' title='bbox 767 2502 1226 2580; x_wconf 85' lang='lat' dir='ltr'>propositionis</span> <span class='ocrx_word' id='word_1_140' title='bbox 1290 2505 1608 2583; x_wconf 88' lang='lat' dir='ltr'>ordinem,</span> <span class='ocrx_word' id='word_1_141' title='bbox 1691 2511 1912 2569; x_wconf 88' lang='lat' dir='ltr'>nostro</span> <span class='ocrx_word' id='word_1_142' title='bbox 1995 2505 2133 2568; x_wconf 90' lang='lat' dir='ltr'>iure</span> <span class='ocrx_word' id='word_1_143' title='bbox 2199 2503 2260 2565; x_wconf 89' lang='lat' dir='ltr'>h.</span> <span class='ocrx_word' id='word_1_144' title='bbox 2330 2504 2370 2566; x_wconf 89' lang='lat' dir='ltr'>l.</span> <span class='ocrx_word' id='word_1_145' title='bbox 2450 2504 2676 2567; x_wconf 88' lang='lat' dir='ltr'>verbo-</span> 
     </span>
     <span class='ocr_line' id='line_1_20' title="bbox 476 2616 2675 2704; baseline 0.003 -27"><span class='ocrx_word' id='word_1_146' title='bbox 476 2635 617 2679; x_wconf 92' lang='lat' dir='ltr'>rum</span> <span class='ocrx_word' id='word_1_147' title='bbox 660 2616 727 2680; x_wconf 92' lang='lat' dir='ltr'>in</span> <span class='ocrx_word' id='word_1_148' title='bbox 770 2619 1204 2699; x_wconf 84' lang='lat' dir='ltr'>proponendis</span> <span class='ocrx_word' id='word_1_149' title='bbox 1248 2622 1437 2687; x_wconf 88' lang='lat' dir='ltr'>rebus</span> <span class='ocrx_word' id='word_1_150' title='bbox 1482 2624 1926 2704; x_wconf 88' lang='lat' dir='ltr'>perturbatum</span> <span class='ocrx_word' id='word_1_151' title='bbox 1973 2642 2114 2689; x_wconf 90' lang='lat' dir='ltr'>esse</span> <span class='ocrx_word' id='word_1_152' title='bbox 2162 2623 2454 2687; x_wconf 90' lang='lat' dir='ltr'>ordinem</span> <span class='ocrx_word' id='word_1_153' title='bbox 2503 2619 2675 2684; x_wconf 86' lang='lat' dir='ltr'>affir-</span> 
     </span>
     <span class='ocr_line' id='line_1_21' title="bbox 474 2737 2673 2820; baseline 0.002 -20"><span class='ocrx_word' id='word_1_154' title='bbox 474 2754 738 2801; x_wconf 90' lang='lat' dir='ltr'>mamus.</span> <span class='ocrx_word' id='word_1_155' title='bbox 830 2737 1003 2813; x_wconf 85' lang='lat' dir='ltr'>Quae</span> <span class='ocrx_word' id='word_1_156' title='bbox 1054 2743 1157 2803; x_wconf 91' lang='lat' dir='ltr'>res</span> <span class='ocrx_word' id='word_1_157' title='bbox 1205 2757 1344 2803; x_wconf 87' lang='lat' dir='ltr'>cum</span> <span class='ocrx_word' id='word_1_158' title='bbox 1389 2740 1530 2820; x_wconf 91' lang='lat' dir='ltr'>ipsa</span> <span class='ocrx_word' id='word_1_159' title='bbox 1577 2759 1653 2803; x_wconf 87' lang='lat' dir='ltr'>ex</span> <span class='ocrx_word' id='word_1_160' title='bbox 1699 2740 1935 2813; x_wconf 83' lang='lat' dir='ltr'>Cornif.</span> <span class='ocrx_word' id='word_1_161' title='bbox 1985 2742 2303 2808; x_wconf 89' lang='lat' dir='ltr'>scribendi</span> <span class='ocrx_word' id='word_1_162' title='bbox 2350 2761 2470 2806; x_wconf 89' lang='lat' dir='ltr'>usu</span> <span class='ocrx_word' id='word_1_163' title='bbox 2518 2740 2673 2805; x_wconf 89' lang='lat' dir='ltr'>satis</span> 
     </span>
     <span class='ocr_line' id='line_1_22' title="bbox 476 2856 2664 2941; baseline 0.002 -22"><span class='ocrx_word' id='word_1_164' title='bbox 476 2856 557 2919; x_wconf 90' lang='lat' dir='ltr'>sit</span> <span class='ocrx_word' id='word_1_165' title='bbox 600 2856 970 2937; x_wconf 86' lang='lat' dir='ltr'>manifesta,</span> <span class='ocrx_word' id='word_1_166' title='bbox 1043 2864 1175 2921; x_wconf 89' lang='lat' dir='ltr'>tum</span> <span class='ocrx_word' id='word_1_167' title='bbox 1230 2859 1467 2922; x_wconf 91' lang='lat' dir='ltr'>nullam</span> <span class='ocrx_word' id='word_1_168' title='bbox 1523 2881 1788 2941; x_wconf 91' lang='lat' dir='ltr'>prorsus</span> <span class='ocrx_word' id='word_1_169' title='bbox 1856 2862 2135 2925; x_wconf 85' lang='lat' dir='ltr'>admittit</span> <span class='ocrx_word' id='word_1_170' title='bbox 2200 2860 2664 2926; x_wconf 89' lang='lat' dir='ltr'>dubitationem</span> 
     </span>
     <span class='ocr_line' id='line_1_23' title="bbox 472 2975 2667 3060; baseline 0.002 -22"><span class='ocrx_word' id='word_1_171' title='bbox 472 2975 823 3040; x_wconf 86' lang='lat' dir='ltr'>conferenti</span> <span class='ocrx_word' id='word_1_172' title='bbox 867 2978 906 3040; x_wconf 90' lang='grc'>1.</span> <span class='ocrx_word' id='word_1_173' title='bbox 955 2978 993 3040; x_wconf 93' lang='grc'>1.</span> <span class='ocrx_word' id='word_1_174' title='bbox 1046 2978 1197 3058; x_wconf 91' lang='lat' dir='ltr'>quid</span> <span class='ocrx_word' id='word_1_175' title='bbox 1241 2977 1475 3043; x_wconf 85' lang='lat' dir='ltr'>habeat</span> <span class='ocrx_word' id='word_1_176' title='bbox 1522 2981 1777 3060; x_wconf 87' lang='lat' dir='ltr'>Cicero,</span> <span class='ocrx_word' id='word_1_177' title='bbox 1843 2983 2012 3046; x_wconf 89' lang='lat' dir='ltr'>unde</span> <span class='ocrx_word' id='word_1_178' title='bbox 2069 2982 2328 3047; x_wconf 90' lang='lat' dir='ltr'>dubium</span> <span class='ocrx_word' id='word_1_179' title='bbox 2373 3000 2502 3045; x_wconf 92' lang='lat' dir='ltr'>non</span> <span class='ocrx_word' id='word_1_180' title='bbox 2549 2986 2667 3059; x_wconf 87' lang='lat' dir='ltr'>est,</span> 
     </span>
     <span class='ocr_line' id='line_1_24' title="bbox 470 3096 2664 3182; baseline 0.001 -23"><span class='ocrx_word' id='word_1_181' title='bbox 470 3096 620 3176; x_wconf 88' lang='lat' dir='ltr'>quin</span> <span class='ocrx_word' id='word_1_182' title='bbox 667 3102 809 3160; x_wconf 91' lang='lat' dir='ltr'>orta</span> <span class='ocrx_word' id='word_1_183' title='bbox 855 3097 937 3161; x_wconf 91' lang='lat' dir='ltr'>sit</span> <span class='ocrx_word' id='word_1_184' title='bbox 982 3099 1319 3163; x_wconf 86' lang='lat' dir='ltr'>verborum</span> <span class='ocrx_word' id='word_1_185' title='bbox 1365 3100 1489 3163; x_wconf 89' lang='lat' dir='ltr'>ista</span> <span class='ocrx_word' id='word_1_186' title='bbox 1533 3101 1600 3163; x_wconf 90' lang='lat' dir='ltr'>in</span> <span class='ocrx_word' id='word_1_187' title='bbox 1622 3100 1958 3165; x_wconf 88' lang='lat' dir='ltr'>Cornificio</span> <span class='ocrx_word' id='word_1_188' title='bbox 2007 3101 2442 3182; x_wconf 63' lang='lat' dir='ltr'>transpositio</span> <span class='ocrx_word' id='word_1_189' title='bbox 2491 3100 2664 3163; x_wconf 90' lang='lat' dir='ltr'>Eun—</span> 
     </span>
     <span class='ocr_line' id='line_1_25' title="bbox 473 3216 2675 3302; baseline 0.002 -24"><span class='ocrx_word' id='word_1_190' title='bbox 473 3216 614 3279; x_wconf 90' lang='lat' dir='ltr'>dem</span> <span class='ocrx_word' id='word_1_191' title='bbox 662 3216 829 3279; x_wconf 87' lang='lat' dir='ltr'>enim</span> <span class='ocrx_word' id='word_1_192' title='bbox 873 3216 1002 3281; x_wconf 89' lang='lat' dir='ltr'>illic</span> <span class='ocrx_word' id='word_1_193' title='bbox 1057 3218 1347 3283; x_wconf 90' lang='lat' dir='ltr'>mirabile</span> <span class='ocrx_word' id='word_1_194' title='bbox 1396 3218 1569 3283; x_wconf 89' lang='lat' dir='ltr'>dictu</span> <span class='ocrx_word' id='word_1_195' title='bbox 1618 3220 2150 3302; x_wconf 87' lang='lat' dir='ltr'>deprehendimus</span> <span class='ocrx_word' id='word_1_196' title='bbox 2214 3219 2675 3301; x_wconf 87' lang='lat' dir='ltr'>propositionis</span> 
     </span>
     <span class='ocr_line' id='line_1_26' title="bbox 475 3334 2672 3422; baseline 0.003 -27"><span class='ocrx_word' id='word_1_197' title='bbox 475 3334 780 3398; x_wconf 89' lang='lat' dir='ltr'>ordinem.</span> <span class='ocrx_word' id='word_1_198' title='bbox 870 3336 1002 3400; x_wconf 89' lang='lat' dir='ltr'>Nec</span> <span class='ocrx_word' id='word_1_199' title='bbox 1074 3344 1199 3417; x_wconf 90' lang='lat' dir='ltr'>est,</span> <span class='ocrx_word' id='word_1_200' title='bbox 1281 3339 1453 3418; x_wconf 92' lang='lat' dir='ltr'>quod</span> <span class='ocrx_word' id='word_1_201' title='bbox 1518 3359 1902 3422; x_wconf 90' lang='lat' dir='ltr'>quemquam</span> <span class='ocrx_word' id='word_1_202' title='bbox 1973 3340 2077 3403; x_wconf 90' lang='lat' dir='ltr'>hic</span> <span class='ocrx_word' id='word_1_203' title='bbox 2152 3338 2464 3419; x_wconf 87' lang='lat' dir='ltr'>offendat,</span> <span class='ocrx_word' id='word_1_204' title='bbox 2531 3358 2672 3402; x_wconf 92' lang='lat' dir='ltr'>cum</span> 
     </span>
     <span class='ocr_line' id='line_1_27' title="bbox 476 3450 2672 3540; baseline 0.004 -27"><span class='ocrx_word' id='word_1_205' title='bbox 476 3450 845 3516; x_wconf 88' lang='lat' dir='ltr'>Ciceronem</span> <span class='ocrx_word' id='word_1_206' title='bbox 893 3461 956 3517; x_wconf 89' lang='lat' dir='ltr'>et</span> <span class='ocrx_word' id='word_1_207' title='bbox 1001 3457 1067 3520; x_wconf 92' lang='lat' dir='ltr'>in</span> <span class='ocrx_word' id='word_1_208' title='bbox 1114 3458 1648 3539; x_wconf 72' lang='lat' dir='ltr'>earum‘partium</span> <span class='ocrx_word' id='word_1_209' title='bbox 1688 3459 2134 3540; x_wconf 90' lang='lat' dir='ltr'>explanatione</span> <span class='ocrx_word' id='word_1_210' title='bbox 2167 3459 2345 3522; x_wconf 91' lang='lat' dir='ltr'>illum</span> <span class='ocrx_word' id='word_1_211' title='bbox 2383 3459 2672 3523; x_wconf 88' lang='lat' dir='ltr'>ordinem</span> 
     </span>
     <span class='ocr_line' id='line_1_28' title="bbox 474 3570 2675 3660; baseline 0.004 -27"><span class='ocrx_word' id='word_1_212' title='bbox 474 3570 825 3636; x_wconf 87' lang='lat' dir='ltr'>instituisse</span> <span class='ocrx_word' id='word_1_213' title='bbox 910 3575 1254 3640; x_wconf 88' lang='lat' dir='ltr'>videamus.</span> <span class='ocrx_word' id='word_1_214' title='bbox 1388 3577 1701 3641; x_wconf 84' lang='lat' dir='ltr'>Convenit</span> <span class='ocrx_word' id='word_1_215' title='bbox 1780 3579 1976 3659; x_wconf 81' lang='lat' dir='ltr'>igitur</span> <span class='ocrx_word' id='word_1_216' title='bbox 2063 3578 2396 3660; x_wconf 90' lang='lat' dir='ltr'>utriusque</span> <span class='ocrx_word' id='word_1_217' title='bbox 2477 3579 2675 3659; x_wconf 86' lang='lat' dir='ltr'>scrip-</span> 
     </span>
     <span class='ocr_line' id='line_1_29' title="bbox 480 3688 2674 3777; baseline 0.004 -26"><span class='ocrx_word' id='word_1_218' title='bbox 480 3688 641 3753; x_wconf 89' lang='lat' dir='ltr'>toris</span> <span class='ocrx_word' id='word_1_219' title='bbox 727 3695 1217 3775; x_wconf 78' lang='lat' dir='ltr'>propositioniS,</span> <span class='ocrx_word' id='word_1_220' title='bbox 1325 3716 1453 3761; x_wconf 91' lang='lat' dir='ltr'>non</span> <span class='ocrx_word' id='word_1_221' title='bbox 1550 3699 1843 3763; x_wconf 83' lang='lat' dir='ltr'>convenit</span> <span class='ocrx_word' id='word_1_222' title='bbox 1941 3697 2404 3777; x_wconf 86' lang='lat' dir='ltr'>explanationis</span> <span class='ocrx_word' id='word_1_223' title='bbox 2497 3698 2674 3761; x_wconf 90' lang='lat' dir='ltr'>ord0.</span> 
     </span>
     <span class='ocr_line' id='line_1_30' title="bbox 472 3807 2676 3897; baseline -0.002 -14"><span class='ocrx_word' id='word_1_224' title='bbox 472 3807 637 3883; x_wconf 80' lang='lat' dir='ltr'>Quid</span> <span class='ocrx_word' id='word_1_225' title='bbox 732 3828 883 3891; x_wconf 84' lang='lat' dir='ltr'>ergo</span> <span class='ocrx_word' id='word_1_226' title='bbox 967 3815 1263 3895; x_wconf 91' lang='lat' dir='ltr'>impedit,</span> <span class='ocrx_word' id='word_1_227' title='bbox 1358 3818 1697 3897; x_wconf 88' lang='lat' dir='ltr'>quominus</span> <span class='ocrx_word' id='word_1_228' title='bbox 1765 3817 2254 3896; x_wconf 89' lang='lat' dir='ltr'>contendamus,</span> <span class='ocrx_word' id='word_1_229' title='bbox 2348 3816 2676 3881; x_wconf 86' lang='lat' dir='ltr'>falsarium</span> 
     </span>
    </p>
   </div>
   <div class='ocr_carea' id='block_1_3' title="bbox 478 3942 887 3951">
    <p class='ocr_par' dir='ltr' id='par_1_3' title="bbox 478 3942 887 3951">
     <span class='ocr_line' id='line_1_31' title="bbox 478 3942 887 3951; baseline 0 574"><span class='ocrx_word' id='word_1_230' title='bbox 478 3942 887 3951; x_wconf 95' lang='lat' dir='ltr'> </span> 
     </span>
    </p>
   </div>
   <div class='ocr_carea' id='block_1_4' title="bbox 510 3972 2676 4161">
    <p class='ocr_par' dir='ltr' id='par_1_4' title="bbox 510 3972 2676 4161">
     <span class='ocr_line' id='line_1_32' title="bbox 657 3972 2676 4076; baseline 0.001 -22"><span class='ocrx_word' id='word_1_231' title='bbox 657 4002 710 4069; x_wconf 84' lang='lat'>*)</span> <span class='ocrx_word' id='word_1_232' title='bbox 751 4000 1094 4055; x_wconf 75' lang='lat' dir='ltr'>conferenda</span> <span class='ocrx_word' id='word_1_233' title='bbox 1135 4008 1277 4069; x_wconf 86' lang='lat' dir='ltr'>sunt,</span> <span class='ocrx_word' id='word_1_234' title='bbox 1315 3972 1450 4071; x_wconf 83' lang='lat' dir='ltr'>quae</span> <span class='ocrx_word' id='word_1_235' title='bbox 1492 4003 1524 4059; x_wconf 92' lang='lat' dir='ltr'>l.</span> <span class='ocrx_word' id='word_1_236' title='bbox 1567 4003 1603 4059; x_wconf 91' lang='grc' dir='ltr'>Ι.</span> <span class='ocrx_word' id='word_1_237' title='bbox 1641 4003 1783 4076; x_wconf 79' lang='lat' dir='ltr'>apud</span> <span class='ocrx_word' id='word_1_238' title='bbox 1822 4008 2104 4073; x_wconf 84' lang='lat' dir='ltr'>utrumque</span> <span class='ocrx_word' id='word_1_239' title='bbox 2145 4002 2464 4075; x_wconf 79' lang='lat' dir='ltr'>scriptorem</span> <span class='ocrx_word' id='word_1_240' title='bbox 2505 4003 2572 4057; x_wconf 88' lang='lat' dir='ltr'>de</span> <span class='ocrx_word' id='word_1_241' title='bbox 2613 4021 2676 4057; x_wconf 83' lang='lat' dir='ltr'>ea</span> 
     </span>
     <span class='ocr_line' id='line_1_33' title="bbox 510 4092 893 4161; baseline 0.01 -23"><span class='ocrx_word' id='word_1_242' title='bbox 510 4092 893 4161; x_wconf 80' lang='lat' dir='ltr'>resequantur.</span> 
     </span>
    </p>
   </div>
  </div>
 </body>
</html>
