3067 4525
2480 207 2575 278 29

372 413 877 488 OstmannuS,
930 422 1070 472 cum
1118 378 1597 474 eodemsscarcat
1627 395 1871 473 Cicero,
1938 407 2064 471 Sed
2107 407 2453 488 videamus,
2499 428 2580 474 ne

370 529 641 596 mirifice
688 547 903 594 secum
949 527 1058 592 ille
1104 526 1242 608 ipse
1288 531 1546 608 pugnet,
1608 527 1714 608 qui
1758 527 1861 591 hic
1907 527 1973 590 in
2016 528 2350 594 brevitatis
2395 549 2580 610 prae-

377 651 583 732 ceptis
631 648 1089 729 interpolatum
1150 665 1289 711 esse
1356 646 1476 711 sibi
1537 648 1959 728 persuaserit,
2024 649 2322 728 quoniam
2386 669 2578 714 unum

368 776 789 852 praeceptum
844 770 988 851 plus
1041 766 1302 848 legisset
1362 766 1427 829 in
1489 755 1828 831 Cornificio
1891 787 2079 848 quam
2138 767 2202 830 in
2250 766 2577 849 Cicero-ne,

370 890 505 954 illic
552 890 618 953 in
664 886 1142 970 perspicuitatis
1187 858 1455 967 legibus,
1506 889 1806 968 quoniam
1845 890 2102 952 easdem
2139 889 2310 968 apud
2338 896 2579 953 utrum-

370 1029 500 1092 que
549 1006 1097 1088 deprehendisset.
1189 1005 1326 1081 Quo
1390 1005 1548 1070 nihil
1614 1007 1882 1088 cogitari
1941 1012 2155 1090 potest
2215 1008 2579 1074 inconstan-

372 1130 525 1193 tius.
573 1129 775 1191 Immo
804 1145 990 1191 vero:
1036 1145 1187 1190 non
1234 1144 1320 1190 ea
1362 1129 1738 1208 quaestio
1788 1147 1960 1192 esse
1995 1127 2350 1208 debebit,
2401 1111 2578 1208 quid

368 1247 659 1312 habeat
699 1245 1005 1327 CicerO,
1054 1247 1241 1327 quid
1284 1265 1433 1310 non
1476 1247 1790 1327 habeat,
1841 1248 1978 1312 sed
2025 1267 2219 1328 quae
2267 1248 2579 1329 scripta

372 1373 559 1432 sunt
604 1365 812 1447 apud
858 1338 1409 1446 Cornifi-cium,
1457 1366 2091 1448 explicationem
2139 1367 2594 1432 admittant·

372 1488 645 1552 bonam
692 1491 931 1564 atque
976 1483 1502 1554 tolerabilem
1549 1506 1814 1552 necne.
1872 1487 2091 1564 Quod
2137 1487 2397 1552 sinon
2443 1495 2576 1568 est,

364 1614 527 1670 tum
588 1605 892 1668 demum
939 1604 1030 1668 ad
1076 1603 1501 1670 Ciceronis
1557 1608 2135 1672 auctoritatem
2198 1599 2575 1672 debemus

367 1743 816 1808 provocare,
866 1724 928 1788 si
958 1725 1343 1805 possimus
1370 1724 1510 1789 hoc
1539 1727 1760 1790 modo
1793 1709 2047 1790 'verum
2079 1725 2572 1806 investigare.

546 1845 717 1924 Quae
749 1851 1090 1926 postquam
1123 1833 1766 1910 convenerantinter
1796 1831 1932 1925 nos,
1979 1845 2104 1910 iam
2150 1845 2310 1911 haec
2359 1853 2565 1925 erunt,

385 1983 547 2046 quae
609 1966 683 2030 de
746 1964 1135 2029 narrationis
1197 1951 1515 2031 brevitate
1564 1973 1756 2046 atque
1801 1965 2260 2050 perspicuitate
2307 1965 2578 2030 tradidit

388 2083 781 2152 Cornificius:

584 2215 762 2284 ‘Rem
791 2216 1085 2283 breviter
1112 2233 1417 2283 narrare
1440 2217 1840 2301 poterimus,
1894 2216 1958 2283 si
1992 2189 2146 2283 inde
2178 2209 2574 2303 incipiemus

371 2363 700 2423 narrare,
756 2346 931 2411 uncte
964 2362 1238 2420 necesse
1273 2346 1422 2428 erit,
1480 2351 1546 2411 et
1573 2346 1638 2411 si
1663 2362 1798 2411 non
1834 2342 1920 2411 ab
1956 2344 2186 2413 ultimo
2221 2346 2412 2412 initio
2447 2364 2570 2411 re-

382 2474 615 2553 petere
647 2470 951 2561 volemus,
1006 2475 1163 2539 etsi
1190 2475 1588 2558 summatim,
1633 2491 1770 2539 non
1799 2473 2272 2558 particulatim
2301 2491 2570 2539 narra-

388 2594 624 2678 bimus‘,
682 2602 746 2662 et
794 2600 858 2663 si
901 2617 1029 2668 non
1073 2601 1169 2668 ad
1206 2607 1598 2681 eoet1·emum‚
1653 2599 1778 2665 sect
1814 2616 2024 2683 usque
2064 2617 2163 2679 eo,
2224 2616 2354 2683 quo
2399 2616 2570 2683 opus

384 2726 539 2807 erit,
588 2744 1084 2813 persequemur,
1143 2735 1208 2795 et
1253 2731 1319 2796 si
1355 2727 1874 2797 transitionibus
1920 2726 2122 2797 nullis
2163 2732 2444 2809 utemur,
2505 2733 2569 2792 et

385 2856 451 2919 si
482 2872 612 2921 non
650 2856 1111 2925 deerrabimus
1153 2859 1239 2925 ab
1284 2877 1382 2937 ec,
1442 2859 1626 2944 quod
1652 2862 2073 2945 coeperimus
2111 2874 2473 2943 exponere,
2505 2862 2570 2922 et

378 2987 446 3051 si
478 2986 695 3053 excitus
734 3004 967 3055 rerum
996 2989 1099 3054 ita
1130 3005 1477 3073 ponemus,
1538 2993 1611 3054 ut
1651 2992 1810 3053 ante
1862 3004 2125 3072 quoque
2163 3002 2338 3070 quae
2368 2983 2568 3067 facta

364 3118 526 3200 sint,
608 3119 783 3185 sciri
844 3118 1151 3202 possint,
1236 3120 1506 3185 tametsi
1595 3132 1720 3181 nos
1791 3116 2303 3195 reticuerimus,
2383 3114 2566 3197 quod

358 3262 627 3332 penus:
692 3248 757 3313 si
809 3246 1063 3326 dicam,
1134 3264 1235 3313 me
1289 3264 1375 3313 ex·
1423 3246 1788 3331 provincia
1843 3244 2124 3326 redisse,
2181 3241 2568 3329 profe-ctum

359 3392 637 3461 quoque
725 3375 795 3440 in
860 3378 1291 3459 provinciam
1379 3374 1856 3459 intelleqatur,⁸
1935 3378 1999 3438 et
2080 3374 2347 3439 omnino
2434 3390 2569 3477 non

354 3503 569 3572 modo
624 3502 715 3583 id,
775 3502 961 3586 quod
1011 3503 1223 3589 obest,
1283 3504 1404 3570 sed
1456 3504 1660 3570 etiam
1714 3503 1806 3588 id,
1883 3500 2066 3587 quod
2116 3517 2328 3585 neque
2383 3499 2573 3567 obest

354 3647 585 3714 neque
654 3630 971 3726 adiuvat,
1046 3634 1267 3700 satius
1340 3638 1441 3700 est
1489 3632 1918 3717 praeterire,·
1989 3636 2054 3697 et
2122 3648 2204 3697 ne
2278 3629 2381 3697 bis
2450 3636 2572 3697 aut

356 3759 651 3843 saepius
724 3758 900 3825 idem
967 3760 1318 3847 dicamus,
1388 3761 1761 3828 cavendum
1831 3766 1975 3841 est,·
2054 3762 2257 3827 etiam
2327 3776 2409 3826 ne
2476 3760 2568 3845 id,

360 3888 558 3977 quod
608 3889 818 3955 semet
876 3890 1201 3976 diximus,
1286 3892 1602 3975 deinceps
1689 3890 2014 3973 dicamus,
2109 3887 2236 3956 hoc
2330 3888 2527 3955 modo
2548 3911 2574 3957 .-

580 4017 854 4085 Athenis
909 4020 1267 4105 Meqaram
1318 4020 1586 4104 vesperi
1636 4018 1909 4085 advenit
1959 4014 2142 4083 Simo
2201 4066 2216 4083 .
2247 4070 2261 4085 .
2294 4069 2309 4085 .
2344 4066 2360 4085 .
