3067 4525
499 203 598 271 30

706 409 866 478 Rem
903 410 1195 478 dilucide
1261 413 1738 497 narrabimus‚·
1782 417 1860 498 si,
1919 423 1990 482 ut
2040 417 2363 502 quicquid
2405 418 2700 502 primam

499 544 759 624 (sestam
802 541 953 622 erit,
1010 544 1109 608 ita
1156 545 1451 628 primum
1506 561 1939 629 aperiemus,
1998 550 2063 610 et
2105 564 2336 612 rernm
2391 566 2478 615 ae
2523 553 2700 613 tem-

494 686 740 754 porum
814 669 1117 738 ordinem
1190 671 1776 754 conservabimus,
1859 677 1934 739 ut
2003 680 2240 758 qestae
2317 692 2432 740 res
2499 681 2700 742 erunt

499 803 621 864 aut
690 800 763 862 nt
824 800 1132 884 potuisse
1198 802 1352 884 aeri
1402 800 1808 868 videbuntur
1863 835 1961 846 --
2027 799 2137 868 hie
2192 805 2324 870 erit
2376 804 2700 870 conside-

499 927 811 1011 randum,
868 944 950 994 ne
995 927 1157 1012 qaid
1200 929 1629 1014 perturbate,
1687 948 1770 997 ae
1814 931 1978 1015 qaid
2014 949 2184 998 nove
2231 932 2560 1015 dicamus‘,
2617 951 2701 998 ne

500 1074 701 1141 quam
755 1059 823 1123 in
880 1057 1091 1123 aliam
1146 1075 1288 1122 rem
1342 1050 1856 1141 t7·anseamus,'¹³
1945 1077 2028 1126 ne
2099 1060 2289 1145 qaid,
2365 1060 2549 1145 quad
2609 1062 2706 1126 ad

499 1201 639 1250 rem
705 1187 1082 1269 pertineat,
1150 1191 1676 1270 praetereamus
1743 1222 1843 1234 —-
1911 1192 1976 1253 et
2043 1189 2108 1254 si
2171 1205 2527 1274 sequemur
2593 1207 2702 1277 ea,

500 1331 675 1396 quae
730 1314 812 1379 de
867 1313 1201 1382 brevitate
1250 1322 1630 1402 praecepta
1685 1320 1861 1398 sarit,
1925 1311 2039 1405 [ne
2087 1315 2174 1382 ab
2218 1317 2449 1384 ultimo
2489 1335 2702 1402 repe—

503 1447 753 1522 tamus,
825 1460 908 1508 ne
963 1442 1161 1529 toaqe
1211 1437 1742 1540 persequamur]
1759 1466 1793 1526 ,·
1858 1462 2018 1510 nam
2071 1461 2202 1529 quo
2259 1444 2562 1528 brevior,
2620 1465 2702 1512 eo

504 1569 870 1637 dilucidior
922 1576 987 1636 et
1040 1574 1317 1658 coquitu
1367 1571 1654 1654 facilior
1708 1573 2028 1664 narratio
2079 1573 2240 1653 fiet‘.

668 1699 803 1764 Iam
841 1697 1013 1782 quod
1050 1716 1177 1762 non
1216 1699 1429 1764 omnia
1462 1701 1528 1764 in
1568 1700 2045 1782 perspicuitatis
2084 1700 2482 1782 expositione
2529 1720 2700 1765 com-

495 1819 833 1900 prehendit
890 1820 1222 1886 brevitatis
1284 1829 1665 1903 praecepta,
1712 1828 1960 1885 tantum
2023 1822 2233 1902 abest,
2296 1829 2366 1885 ut
2427 1823 2484 1886 ei
2543 1822 2698 1886 vitio

496 1946 848 2019 vertamus,
921 1948 991 2004 ut
1048 1941 1149 2004 vel
1204 1943 1477 2007 maxime
1542 1941 1726 2007 nobis
1782 1941 2137 2006 laudandus
2198 1960 2337 2018 esse
2383 1941 2691 2020 videatur,

499 2058 608 2139 qui
654 2060 907 2141 egregie
954 2059 1254 2124 differens
1291 2061 1663 2124 aCicerone
1711 2081 1786 2126 ea
1834 2061 2141 2140 omiserit,
2192 2061 2418 2140 quibus
2461 2062 2527 2125 in
2565 2079 2696 2126 ser-

497 2176 705 2241 monis
743 2178 1200 2259 perspicuitate
1235 2181 1532 2264 proprius
1574 2180 1752 2244 locus
1788 2199 1927 2246 esse
1967 2189 2262 2264 nequeat,
2309 2178 2684 2261 repetiverit,

502 2316 665 2379 quae
708 2305 771 2363 et
805 2300 886 2363 ad
926 2300 1307 2366 brevitatem
1356 2308 1419 2365 et
1464 2301 1546 2364 ad
1592 2301 2114 2381 perspicuitatem
2152 2303 2385 2383 pariter
2418 2296 2677 2362 maxime

502 2417 883 2497 pertineant.

670 2537 971 2620 Sequitur
1000 2539 1179 2605 locus
1205 2541 1283 2605 de
1306 2560 1641 2605 causarum
1674 2542 1984 2608 divisione
2023 2544 2074 2607 si
2108 2544 2214 2624 qui
2248 2543 2410 2606 alius
2434 2536 2700 2619 impedi-

498 2658 797 2723 tissimus.
828 2658 1083 2723 Habent
1107 2660 1155 2739 I,
1193 2660 1291 2740 10,
1326 2661 1409 2725 17
1454 2662 1537 2725 in.
1573 2664 1654 2725 ad
1687 2682 1879 2727 unum
1910 2662 2046 2727 fere
2078 2682 2300 2727 omnes
2328 2660 2478 2725 libri
2509 2658 2704 2722 haec:

711 2787 1028 2856 ‘Primum
1086 2792 1259 2856 enim
1312 2809 1390 2857 re
1443 2796 1744 2858 narrata
1800 2791 2114 2858 debemus
2168 2795 2485 2877 aperire,
2543 2790 2707 2875 quid

505 2916 699 2982 nobis
754 2920 1114 2984 conveniat
1166 2936 1317 2984 eum
1373 2919 1829 3018 (ictoorsariis,
1888 2920 2051 3005 quid
2103 2921 2171 2987 ia
2227 2922 2706 2986 controversia

497 3049 627 3126 sit,·
681 3048 757 3112 si
793 3064 919 3130 ea,
978 3065 1189 3132 quae
1236 3048 1498 3115 utilia
1545 3042 1791 3115 nabis
1836 3055 2114 3130 erant,
2173 3051 2702 3130 convenient,

496 3172 649 3239 hoc
704 3175 974 3240 modo:
1052 3175 1481 3258 interfectam
1536 3195 1684 3243 esse
1739 3177 1826 3243 ab
1863 3175 2102 3243 Oreste
2157 3183 2458 3257 matrem,
2519 3195 2695 3242 con-

498 3304 677 3367 venit
730 3302 889 3370 milei
942 3322 1090 3370 cam
1141 3306 1624 3389 (advorsariis;
1677 3308 1913 3373 iurene
1947 3303 2194 3387 fecerit
2239 3312 2304 3373 et
2349 3306 2708 3373 licueritne

491 3427 768 3517 facere,
848 3432 922 3498 id
973 3438 1075 3498 est
1128 3434 1197 3498 in
1253 3436 1752 3502 controversia.
1828 3437 2022 3502 item
2093 3455 2128 3503 e
2196 3436 2711 3503 contrario:

494 3563 1055 3647 Ayamemnonem
1092 3581 1239 3630 esse
1280 3582 1323 3629 a
1350 3563 1894 3649 Clytaemnestra
1925 3568 2223 3633 occisam
2255 3565 2710 3646 confitentu1·,·

496 3708 694 3774 quom
734 3690 807 3757 id
838 3693 935 3757 ita
978 3693 1085 3772 sit,
1144 3709 1245 3759 me
1284 3691 1528 3759 ulcisci
1560 3698 1919 3777 parentem
1955 3700 2207 3777 aeqaut
2262 3688 2708 3779 oportuisse<

667 3817 866 3894 Quem
926 3817 1135 3883 locum
1193 3820 1300 3899 qui
1354 3820 1606 3902 integro
1652 3821 1888 3886 iudicio
1938 3822 2060 3886 erit
2107 3839 2443 3903 aggressus
2488 3836 2719 3897 neque·

498 3936 933 4017 exemplorum
978 3937 1180 4016 magis
1227 3956 1416 4017 quam
1462 3942 1620 4005 artis
1665 3948 2162 4022 praeceptorum
2207 3938 2502 4001 habuerit
2555 3936 2714 4023 rati-

500 4073 705 4135 onem,
751 4074 879 4119 non
926 4054 1327 4119 cunctabitur
1370 4057 1479 4120 ille
1524 4057 1647 4121 hoc
1691 4058 1847 4121 mihi
1895 4058 2268 4136 concedere,
2300 4054 2709 4120 Cornificium
