3067 4525
474 263 574 336 38

468 468 611 533 rula
658 473 905 531 tantum
950 472 1229 546 mutata,
1278 465 1514 531 habent
1575 463 1919 548 ‘existens
1979 464 2242 532 iubeant
2315 465 2443 549 legi
2533 487 2697 533 ean-

474 589 617 652 dem
664 587 935 652 formam
983 587 1257 668 priscam
1308 587 1550 654 ‘escilf
1661 585 1956 664 Accedit,
2042 587 2212 667 quod
2271 607 2692 670 nequaquam

466 709 743 773 alienum
818 714 956 772 erat
1017 707 1095 771 ab
1164 707 1334 771 illius
1396 705 1627 770 aetatis
1691 705 2010 771 scribendi
2059 709 2547 790 consuetudine,
2615 711 2690 774 in

468 829 803 894 laudandis
873 829 1220 908 praecipue
1286 827 1654 892 duodecim·
1685 826 2046 893 tabularum
2105 830 2354 910 legibus
2423 831 2686 911 priscae

469 949 807 1014 latinitatis
854 948 1177 1029 specimen
1238 947 1411 1011 dare.
1505 946 1630 1011 Sed
1700 964 1813 1009 suo
1880 947 2018 1012 iure
2081 948 2476 1030 impugnavit
2537 971 2689 1016 eam

470 1071 811 1136 lectionem
836 1067 1038 1133 Erue
1060 1068 1257 1132 stius
1285 1067 1520 1146 dicens,
1569 1085 1696 1130 non
1721 1067 2151 1132 necessarium
2187 1087 2326 1134 esse
2349 1077 2688 1136 auctorem

472 1191 647 1272 leges
694 1189 925 1254 afferre
970 1189 1248 1253 voluisse
1297 1187 1644 1252 secundum
1690 1184 2076 1250 latinitatem
2119 1189 2414 1268 priscam.
2495 1191 2688 1256 Adde

476 1310 648 1390 quod
697 1315 760 1373 et
804 1309 871 1373 in
917 1328 994 1372 ea
1039 1310 1199 1389 lege,
1250 1325 1440 1388 quam
1485 1305 1679 1370 tertio
1727 1306 1870 1370 loco
1919 1305 2194 1370 offerunt
2221 1307 2460 1374 Cornif.
2510 1311 2684 1390 libri,

480 1427 1012 1516 ‘paterfmm'lias
1067 1431 1168 1494 uti
1218 1446 1426 1512 super
1476 1425 1750 1509 sam-ilia
1803 1425 1974 1512 sqq.‘
2108 1428 2483 1492 Ciceronem
2553 1431 2691 1510 pri-

477 1567 647 1614 scam
686 1547 957 1612 formam
1026 1545 1353 1634 ‘leqassit‘
1438 1565 1781 1627 usurpasse
1821 1545 2128 1626 videmus,
2178 1565 2366 1629 quam
2413 1549 2685 1616 eandem

481 1676 707 1736 contra
750 1671 1058 1735 librorum
1106 1668 1554 1732 auctoritatem
1601 1666 1772 1746 apud
1812 1665 2216 1732 Cornificium
2247 1669 2688 1750 recipiendam

480 1811 620 1856 esse
646 1797 825 1856 ratus
852 1797 949 1856 est
971 1790 1459 1855 Schuetzius.
1506 1786 1644 1864 Qua
1667 1787 1732 1850 in
1757 1793 2030 1866 utraque
2054 1806 2124 1852 re
2148 1793 2219 1850 ut
2255 1788 2512 1854 dubium
2542 1809 2686 1856 esse

484 1912 725 1993 nequit,
774 1912 924 1992 quin
969 1910 1143 1975 nullo
1191 1910 1329 1976 iure
1378 1929 1415 1974 a
1458 1908 1768 1973 librorum
1833 1906 1940 1970 ille
1985 1906 2261 1970 lectione
2308 1911 2681 1990 recesserit,

480 2032 572 2095 ita
603 2029 819 2092 nescio
867 2049 947 2091 an
992 2030 1301 2092 maiorem
1338 2030 1531 2092 etiam
1563 2026 1914 2090 meruerint
1943 2025 2522 2107 reprehensionem,
2571 2029 2680 2109 qui

480 2148 712 2212 mirum
756 2145 823 2208 in
866 2147 1124 2209 modum
1170 2164 1384 2210 secum
1444 2145 1567 2225 ipsi
1626 2149 1982 2224 pugnantes
2043 2145 2313 2211 alterum
2375 2149 2676 2226 intempe-

486 2267 645 2332 stive
696 2266 1126 2331 concesserint
1183 2264 1633 2344 Schuetzi0,
1683 2264 1955 2328 alterum
2003 2268 2084 2331 ad
2144 2267 2420 2331 codicum
2479 2264 2662 2326 fidem

486 2385 885 2451 retinuerint.
948 2384 1140 2448 Velut
1162 2384 1524 2449 Klotzius
1585 2383 1794 2451 ‘escit‘
1885 2384 2322 2465 recipiendum
2419 2383 2664 2463 curavit,

490 2474 841 2597 ‘leqassilss
880 2506 1052 2587 quod
1099 2508 1366 2573 eandem
1412 2510 1605 2589 atque
1650 2506 1808 2571 illud
1865 2506 2182 2570 rationem
2230 2514 2529 2590 sequatur
2569 2523 2678 2569 ne-

496 2648 673 2695 cesse
722 2635 837 2710 est,
884 2628 1263 2709 repudiavit.

662 2747 799 2810 Iam
846 2746 927 2808 ad
982 2746 1157 2809 illam
1222 2745 1429 2823 legem
1490 2746 1662 2825 quod
1721 2748 1970 2825 attinet,
2048 2766 2212 2827 quae
2273 2747 2478 2811 altero
2545 2745 2686 2809 loco

494 2865 673 2930 libris
722 2862 1009 2943 offertur,
1055 2862 1253 2927 verba
1298 2862 1596 2927 dicimus:
1637 2863 1796 2951 ‘Qui
1841 2872 2193 2951 parentem
2241 2886 2528 2935 necasse
2579 2871 2694 2935 iu-

496 2994 771 3059 dicatus
826 2993 986 3076 erit,
1042 2996 1118 3057 ul
1172 2992 1232 3057 is
1287 2990 1646 3059 obvolutus
1701 3000 1766 3061 et
1818 2994 2158 3082 obliquius
2227 2998 2420 3065 corio
2491 2996 2695 3063 deee-

494 3120 705 3187 hatur
742 3122 811 3186 in
833 3117 1316 3205 profluentem‘,
1381 3138 1509 3183 non
1569 3123 1888 3187 dubitabis
1950 3124 2162 3187 facere
2221 3125 2515 3204 cumriis,
2585 3124 2694 3203 qui

494 3240 659 3303 male
723 3258 864 3304 eam
929 3237 1227 3302 similium
1290 3239 1502 3321 legum
1559 3243 1789 3307 seriem
1849 3242 2316 3325 interrumpere
2363 3249 2694 3323 putarunt.

500 3360 626 3425 Sed
672 3378 842 3441 cave,
888 3378 969 3424 ne
1016 3360 1170 3441 quid
1194 3379 1627 3443 praepropere
1675 3364 1953 3427 animum
2007 3362 2270 3428 inducas
2319 3364 2696 3443 exstirpare,

500 3481 672 3562 quod
740 3500 820 3545 ne
885 3480 1411 3563 interpolatorem
1483 3482 1740 3562 quidem
1813 3501 2006 3547 sanae
2073 3484 2304 3547 mentis
2338 3484 2514 3551 ,huic
2572 3483 2696 3562 ipsi

499 3599 642 3665 loco
698 3601 1009 3667 adiecisse
1067 3602 1399 3683 probabile
1460 3608 1576 3666 est.
1667 3576 1786 3666 Est
1848 3601 2016 3665 enim
2079 3603 2179 3666 vel
2243 3604 2451 3685 prima
2513 3602 2698 3666 facti-

502 3721 733 3784 tandae
782 3722 937 3787 artis
987 3722 1245 3785 criticae
1289 3722 1455 3785 ratio
1496 3720 1676 3800 haec,
1723 3730 1804 3784 ne
1852 3722 2004 3801 quid
2039 3723 2362 3787 deleamus
2409 3724 2475 3785 in
2517 3720 2700 3785 libris

503 3841 837 3921 traditum,
899 3842 1020 3907 nisi
1079 3860 1301 3905 causas
1362 3840 1877 3921 cognoverimuS,
1957 3842 2036 3907 de
2082 3842 2310 3923 quibus
2354 3841 2550 3905 verba
2596 3859 2700 3904 su-

506 3967 725 4041 specta
768 3962 835 4025 in
879 3968 1121 4023 textum
1167 3960 1562 4038 irrepserint.
1634 3958 1817 4034 Quod
1863 3960 2083 4024 dubito
2130 3980 2212 4022 an
2255 3960 2358 4022 hic
2403 3958 2544 4021 fieri
2587 3978 2700 4021 ne-

508 4086 717 4162 queat.
807 4078 1031 4159 Neque
1079 4076 1246 4141 enim
1291 4076 1418 4140 alia
1464 4076 2116 4157 circumspicientibus
2177 4074 2361 4140 nobis
2423 4075 2558 4139 eius
2603 4077 2702 4142 rei
