3067 4525
477 209 571 279 26

476 410 613 474 iure
658 407 1040 490 quaerimus,
1087 429 1227 474 esse
1272 410 1485 490 potuit
1530 428 1796 488 causae,
1863 429 2002 488 cur,
2067 427 2254 490 quem
2300 409 2478 474 brevi
2529 413 2676 492 post

478 549 617 593 cum
660 530 1059 593 incommodo
1095 529 1280 594 huius
1313 530 1459 596 libri
1485 530 1905 596 Ciceroniana
1948 531 2070 594 huc
2118 530 2521 596 transtulisse
2575 549 2678 595 su-

478 649 1276 730 spicaturSieversius,
1323 649 1493 714 idem
1539 650 1598 715 11.
1646 649 1708 729 1.,
1755 668 1922 730 quae
1969 670 2045 716 ex
2091 669 2210 716 usu
2256 649 2428 716 illius
2469 656 2676 714 trans-

478 769 647 834 ferre
670 776 911 850 posset,
960 767 1306 834 transferre
1328 769 1585 834 omnino
1611 768 1856 834 nollet?
1899 769 2152 834 Nullam
2197 790 2350 835 vero
2401 771 2536 836 eius
2581 771 2676 834 rei

482 907 735 953 causam
762 908 903 955 esse
922 889 1229 970 videmus
1264 891 1387 955 nisi
1414 890 1583 956 forte
1613 891 1754 972 quis
1783 890 2118 969 existimat,
2150 890 2677 972 interpolatorem

479 1013 608 1072 tam
645 1014 885 1074 teretes
924 1028 1111 1074 aures
1156 1010 1473 1090 habuisse,
1521 1017 1592 1074 ut
1637 1011 1930 1076 taederet
1976 1029 2120 1074 eum
2154 1011 2479 1091 praesenti
2517 1017 2676 1074 tem-

480 1148 636 1210 pore
682 1136 975 1210 repetere
1014 1131 1357 1200 narrandi
1406 1133 1668 1198 verbum
1713 1131 1840 1194 iam
1889 1149 2081 1210 supra
2118 1127 2334 1193 futuro
2384 1137 2674 1212 tempore

480 1255 871 1330 usurpatum.
964 1251 1091 1314 Sed
1157 1269 1236 1316 ne
1316 1252 1380 1315 id
1450 1251 1707 1332 quidem
1789 1250 2080 1331 cuiquam
2157 1248 2461 1316 credibile
2531 1252 2673 1316 erit.

487 1368 805 1448 Sequitur,
867 1375 937 1432 ut
987 1390 1067 1435 ne
1114 1370 1177 1435 in
1215 1371 1295 1436 iis
1328 1372 1586 1452 quidem
1617 1370 1849 1450 verbis,
1898 1390 2063 1451 quae
2101 1370 2519 1435 Sieversio
2567 1391 2668 1436 su·-

485 1493 707 1568 specta
744 1505 882 1552 esse
920 1488 1318 1569 videbantur,
1364 1491 1556 1555 liceat
1591 1490 1673 1554 ad
1697 1489 2210 1572 interpolationis
2246 1510 2678 1573 praepropere

484 1607 910 1688 suspicionem
965 1608 1326 1690 confugere.

653 1728 792 1793 Hoc
855 1737 1205 1812 postquam
1271 1731 1822 1813 praemonuimus,
1906 1731 2034 1794 iam
2092 1731 2235 1811 ipsa
2292 1732 2514 1811 verba,
2600 1733 2678 1796 de

484 1850 712 1930 quibus
758 1851 986 1932 agitur,
1036 1853 1395 1918 accuratius
1443 1852 1891 1929 examinemus,
1941 1869 2065 1931 quo
2112 1849 2676 1946 magis-appareat,

490 1969 643 2049 quid
688 1969 1023 2036 tolerabile
1071 1973 1170 2051 sit,
1220 1973 1371 2053 quid
1417 1972 1572 2036 ferri
1617 1978 1911 2051 nequeat.
1997 1970 2071 2032 Id
2118 1969 2287 2034 0111111
2331 1969 2674 2034 assentien-

492 2089 639 2152 dum
686 2089 809 2151 erit
856 2089 1290 2172 SicversiO,
1339 2090 1671 2155 brevitatis
1715 2097 2060 2171 praecepta
2104 2089 2170 2152 in
2215 2089 2308 2167 iis,
2357 2107 2515 2168 quae
2555 2107 2672 2166 per

494 2204 943 2295 παρένθεσιν
978 2211 1160 2290 quasi
1189 2211 1551 2291 conscripta
1573 2214 1736 2289 sunt,
1787 2210 2035 2275 admitti
2063 2229 2190 2275 non
2220 2225 2417 2289 posse.
2465 2205 2662 2281 Quae-

494 2326 675 2409 ritur,
726 2349 889 2409 quae
917 2330 1044 2394 sint
1067 2330 1399 2395 brevitatis
1444 2336 1807 2411 praecepta,
1847 2348 2010 2409 quae
2039 2349 2168 2395 non
2209 2328 2345 2393 sint.
2387 2324 2474 2389 Ut
2501 2323 2662 2387 0111111

490 2449 687 2515 verba
744 2451 845 2518 ‘ne
900 2451 987 2518 ab
1043 2450 1275 2519 ultimo
1332 2457 1742 2537 mmmmm,
1797 2468 1880 2517 ne
1935 2450 2130 2535 lonqe
2172 2435 2673 2535 persequamur‘

493 2571 754 2653 propria
802 2592 943 2637 esse
987 2572 1321 2638 brevitatis
1369 2580 1432 2636 et
1469 2572 1685 2653 inepte
1729 2570 1789 2635 h.
1817 2570 1856 2633 l.
1905 2570 1970 2633 in
2000 2567 2475 2651 perspicuitatis
2504 2581 2685 2646 prae-

493 2692 693 2771 ceptis
728 2692 1022 2772 repetita,
1070 2711 1255 2755 1101110
1294 2711 1422 2754 non
1462 2690 1655 2754 faciet
1703 2710 1843 2753 cum
1879 2689 2315 2767 SieversiO,
2363 2687 2470 2765 ita,
2519 2682 2686 2765 quod

494 2812 724 2875 attinet
770 2811 851 2874 ad
895 2811 1092 2874 verba
1148 2807 1248 2878 ‘ne
1302 2829 1503 2896 qvcam
1575 2814 1644 2879 in
1711 2812 1920 2877 aliam
1989 2829 2137 2877 rem
2205 2803 2712 2884 transeamus&

498 2930 975 3011 perspicuitatis
1050 2932 1253 3013 magis
1319 2950 1507 3011 quam
1574 2930 1908 3023 brevitatis
1977 2948 2116 2993 esse
2183 2946 2368 2992 nemo
2416 2925 2691 3007 negabit.

498 3049 674 3125 Quae
719 3051 915 3116 verba
958 3057 1029 3114 ut
1077 3052 1345 3116 eandem
1391 3057 1584 3132 atque
1643 3052 1754 3114 illa
1810 3051 2126 3114 rationem
2172 3048 2354 3127 sequi
2397 3050 2696 3127 putarent

494 3169 907 3251 Kayserus
972 3176 1035 3234 et
1082 3171 1581 3250 Sieversius,
1665 3171 1812 3235 inde
1883 3170 2122 3235 factum
2190 3186 2331 3231 esse
2394 3163 2691 3239 arbitror,

500 3289 667 3368 quod
720 3291 945 3354 eadem
994 3295 1058 3354 et
1104 3290 1169 3353 in
1215 3290 1293 3355 iis
1342 3290 1656 3355 contineri
1703 3290 2160 3367 existimarent,
2211 3305 2375 3368 quae
2423 3285 2502 3348 de
2547 3284 2693 3348 bre-

494 3408 692 3474 vitate
739 3410 957 3490 paullo
1005 3415 1152 3474 ante
1199 3411 1636 3493 praecepisset
1682 3408 2077 3475 Cornificius.
2098 3408 2162 3490 >2‘)

666 3529 752 3592 Et
786 3529 1233 3595 Sieversius
1276 3531 1552 3611 quidem,
1599 3535 1670 3592 ut
1704 3529 2172 3594 demonstraret
2204 3530 2698 3607 praeceptorum

492 3648 745 3713 illorum
791 3652 1110 3731 quandam
1156 3649 1695 3728 convenientiam,
1762 3648 1840 3711 de
1901 3647 2236 3713 brevitatis
2282 3643 2529 3724 legibus
2574 3641 2692 3705 has

670 3892 727 3960 Ι*)
763 3889 931 3954 Quem
968 3889 1146 3943 locum
1185 3856 1458 3943 artissime
1497 3903 1615 3942 cum
1654 3884 2064 3957 perspicuitatis
2125 3882 2436 3955 praeceptis
2475 3880 2685 3935 cohae-

497 3982 705 4029 rentem
740 3980 911 4029 totum
949 3976 1083 4030 infra
1143 3994 1190 4045 p.
1242 3978 1344 4043 29,
1393 3974 1648 4029 absoluta
1687 3974 1789 4029 hac
1835 3971 2244 4042 disputatione,
2281 3966 2698 4042 imprimendum

500 4075 831 4118 curavimus».
