3067 4525
2549 198 2633 272 11

448 407 731 491 spicuam
748 407 1003 491 faciunt,
1031 429 1221 490 quam
1240 427 1369 473 non
1391 407 1685 474 debuerit
1711 406 1787 470 W
1803 406 1872 472 ei
1886 407 1978 472 dn
1993 426 2026 472 e
2039 426 2128 471 ru
2141 428 2169 473 s
2203 403 2641 488 redintegrare

448 529 1054 595 Burmannianae
1096 529 1267 594 illius
1304 527 1661 593 sententiae
1707 529 2098 608 memoriam,
2148 549 2310 610 quae
2343 549 2381 594 a
2407 528 2643 594 doctis-

450 651 620 716 simis
644 651 796 715 viris
820 652 1052 717 merito
1079 651 1452 731 impugnata
1478 649 1796 714 oblivione
1827 670 2031 731 paene
2062 653 2188 716 iam
2228 653 2457 717 obruta
2485 656 2639 716 erat.

616 773 791 853 Quae
840 793 982 838 cum
1015 774 1109 836 ita
1141 772 1283 851 sint,
1331 789 1459 834 non
1490 770 1760 850 amplius
1799 765 2224 838 dubitabimus
2255 772 2467 839 facere
2503 791 2642 837 cum

445 893 544 974 iis,
595 914 865 975 quorum
912 893 1151 957 iudicia
1199 891 1482 957 breviter
1543 893 2024 973 comprehendit
2058 894 2212 959 illud
2251 894 2643 976 Spengeli-

447 1034 704 1095 anum,
753 1016 879 1079 nisi
917 1015 1089 1097 quod
1133 1016 1429 1096 quartum
1468 1010 1704 1076 Cornif.
1753 1015 1985 1078 librum
2027 1020 2176 1095 post
2229 1021 2432 1078 artem
2461 1014 2639 1078 Cice-

451 1139 781 1202 ronianam
834 1138 1259 1218 conscriptum
1313 1153 1452 1199 esse
1486 1135 1917 1199 Weidnero
1979 1135 2149 1199 haud
2195 1137 2376 1200 inviti
2423 1155 2642 1202 conce-

453 1261 677 1339 dimus,
731 1260 901 1341 quod
946 1259 1116 1323 idem
1160 1275 1239 1320 ne
1285 1256 1689 1336 Kayserus
1736 1258 1992 1337 quidem
2036 1266 2401 1340 negaverat.

619 1384 704 1447 Ut
729 1390 941 1447 autem
961 1381 1163 1445 nostri
1180 1377 1467 1444 homines
1491 1379 1573 1441 ad
1600 1397 1794 1442 unum
1815 1377 1947 1444 fere
1967 1397 2187 1444 omnes
2213 1381 2638 1458 consentiunt,

452 1504 821 1568 Ciceronem
850 1504 914 1566 in
947 1471 1401 1582 componendis
1436 1500 1514 1564 de
1548 1500 1672 1564 inV.
1706 1501 1885 1567 libris
1922 1521 2049 1565 non
2074 1520 2279 1582 pauca
2307 1503 2384 1566 de
2407 1501 2638 1581 prion‘-

446 1624 563 1688 bus
589 1621 885 1688 Cornifici
930 1620 1110 1685 libris
1159 1621 1570 1702 exscripsisse
1617 1641 1845 1702 neque,
1895 1642 2171 1703 quonam
2219 1644 2294 1687 ex
2339 1623 2518 1689 fonte
2567 1644 2643 1689 ea

445 1742 781 1821 hausisset,
828 1760 1108 1821 unquam
1153 1740 1547 1820 prodidisse,
1595 1738 1716 1818 ita,
1765 1742 1873 1820 qui
1919 1742 2251 1822 utriusque
2297 1742 2495 1808 libros
2542 1761 2643 1808 ac-

453 1862 1115 1943 curatiusinspexerit,
1139 1860 1585 1926 similitudines
1609 1862 2011 1941 compararit,
2037 1863 2308 1928 docendi
2331 1864 2641 1929 rationem

454 1983 919 2064 perquisiverit,
968 2002 1095 2046 non
1150 1982 1389 2063 poterit
1454 1975 1562 2045 ille
1632 2001 1760 2045 non
1829 1985 2206 2065 concedere,
2271 1986 2638 2051 Ciceronem

453 2106 553 2169 vel
599 2106 661 2168 in
710 2106 1095 2185 discrepanti
1138 2105 1458 2169 interdum
1505 2105 1777 2169 docendi
1823 2106 2070 2172 ratione
2106 2110 2300 2173 verba
2337 2110 2639 2186 duntaxat

454 2245 527 2291 ex
574 2224 806 2291 Cornif.
859 2225 1329 2308 deprompsisse
1391 2232 1454 2290 et
1512 2227 1579 2290 in
1622 2245 1806 2292 usum
1868 2249 2047 2294 suum
2096 2234 2503 2313 convertisse,
2549 2234 2640 2299 ita

447 2354 518 2413 ut
564 2349 872 2414 similibus
938 2368 1051 2413 seu
1094 2349 1323 2413 iisdem
1365 2367 1820 2431 nonnunquam
1865 2353 2102 2433 verbis,
2170 2354 2392 2418 ordine
2450 2356 2638 2420 modo

450 2469 679 2533 leviter
722 2469 1092 2548 immutatO,
1155 2476 1503 2549 praecepta
1563 2472 2008 2537 contineantur
2065 2475 2235 2557 apud
2302 2482 2639 2556 utrumque

457 2586 803 2651 dissimilia.
895 2588 1079 2652 Unde
1125 2587 1358 2652 factum
1407 2607 1547 2653 esse
1595 2591 1945 2672 opinamur,
2018 2601 2089 2658 ut
2136 2602 2357 2658 mutuo
2406 2597 2483 2660 ab
2528 2594 2643 2658 ho-

455 2706 726 2772 minibus
771 2708 1250 2788 posterioribus,
1303 2729 1441 2773 cum
1487 2712 1756 2777 maxime
1805 2716 2084 2781 auctoris
2131 2717 2214 2779 ad
2252 2715 2643 2780 Herennium

457 2830 686 2892 nomen
732 2830 798 2893 in
845 2830 1224 2895 oblivionem
1284 2837 1451 2895 esset
1520 2832 1860 2899 adductum
1922 2843 1985 2899 et
2032 2836 2358 2901 Ciceronis
2405 2835 2644 2901 nomini

457 2947 592 3013 fere
640 2950 1086 3016 addicerentur
1129 2952 1220 3015 illi
1265 2953 1436 3033 libri,
1492 2974 1621 3018 non
1678 2956 1882 3021 solum
1941 2964 2116 3020 totae
2166 2956 2521 3019 sententiae
2569 2976 2644 3019 ex

455 3068 760 3134 Cicerone
805 3070 870 3135 in
916 3088 1027 3135 eos
1074 3074 1571 3142 transferrentur
1615 3079 1727 3143 sed
1775 3079 1996 3156 etiam,
2059 3078 2125 3140 id
2171 3077 2343 3158 quod
2385 3077 2642 3141 maximi

456 3195 550 3253 est
612 3192 952 3272 momenti,
1023 3194 1104 3257 ad
1167 3195 1489 3263 Ciceronis
1560 3200 1917 3280 exemplum
1985 3199 2126 3279 ipsa
2191 3216 2643 3279 nonnunquam

454 3309 748 3375 Cornifici
795 3314 988 3377 verba
1033 3321 1270 3381 temere
1316 3324 1906 3400 transponerentur.

628 3432 783 3497 Sunt
827 3433 1020 3514 igitur
1066 3439 1599 3518 transpositiones
1635 3457 1711 3502 ex
1745 3440 1970 3503 eodem
2009 3440 2241 3519 partim
2276 3438 2452 3501 fonte
2493 3457 2640 3569 pro-

457 3549 659 3615 fectae
705 3559 893 3635 atque
940 3555 1487 3638 interpolationes
1537 3559 1622 3621 Et
1670 3559 1842 3636 quod
1891 3578 2050 3638 supr
2150 3558 2165 3569 '
2250 3558 2260 3569 '
2322 3562 2326 3569 '
2575 3556 2610 3569 ”

458 3672 712 3752 onibus,
782 3676 950 3739 idem
995 3676 1095 3741 hic
1144 3678 1317 3743 dicas
1364 3680 1443 3743 de
1488 3674 1811 3742 nonnullis
1857 3686 2050 3757 trans]

454 3793 767 3858 industria
810 3794 1103 3860 falsarios
1152 3798 1461 3877 quosdam
1506 3793 1817 3870 homines»,
1872 3804 1942 3859 ut
1986 3796 2050 3859 hi

457 3913 705 3977 roniani
752 3933 893 3978 esse
935 3909 1322 3994 viderentur,
1371 3917 1453 3979 ad
1480 3909 1807 3979 Ciceronis
1856 3914 2050 3976 omnia

455 4031 640 4099 xisse.
689 4034 806 4098 Est
841 4039 1053 4100 autem
1097 4033 1307 4109 etiam,
1354 4034 1464 4098 ubi
1508 4025 1940 4104 interpolandi
1975 4042 2049 4084 oc
