3067 4525
2604 273 2650 342 7

453 481 696 550 duabus
758 480 1040 548 tribusve
1103 492 1559 559 nonnunquam
1620 474 1955 541 sententiis
2020 476 2417 558 continetur,
2482 479 2651 544 unde

449 605 854 686 perspicuum
885 609 999 683 est,
1050 619 1234 683 quae,
1285 595 1729 663 deerrantibus
1766 598 1844 664 ab
1872 616 1999 662 una
2027 597 2094 662 in
2129 599 2398 664 alteram
2430 619 2653 666 vocem

450 727 694 792 librarii
723 725 942 805 oculis,
974 721 1190 787 media
1215 719 1690 798 omittebantur‚
1738 720 1821 784 ad
1838 720 2053 801 plures
2082 720 2405 786 interdum
2428 741 2653 788 versus

447 846 832 927 pertinuisse
897 849 988 922 et,
1067 861 1207 906 cum
1276 858 1495 905 errore
1549 837 1873 920 patefacto
1940 841 2006 904 in
2075 842 2365 924 margine
2425 850 2655 925 postea

451 972 663 1032 essent
695 965 1040 1045 adscripta,
1087 981 1217 1026 non
1247 962 1539 1042 exiguam
1572 960 1707 1026 eius
1741 961 1943 1042 ipsius
1977 966 2229 1043 partem
2265 964 2651 1046 implevisse,

451 1084 544 1148 ita
587 1090 658 1148 ut
705 1082 962 1148 difficile
1004 1083 1131 1146 iam
1171 1087 1341 1148 esset
1380 1079 1760 1162 disceptatu,
1806 1081 1944 1146 viro
1978 1084 2361 1162 praesertim
2398 1085 2652 1166 linguae

450 1207 690 1271 latinae
737 1207 790 1270 si
835 1225 965 1270 non
1008 1205 1208 1271 inscio
1255 1210 1321 1268 at
1365 1202 1780 1268 mediocriter
1838 1208 2085 1267 tantum
2139 1205 2385 1286 perit0,
2448 1206 2656 1272 cuius-

453 1345 600 1389 nam
647 1326 918 1391 maxime
963 1345 1185 1390 versus
1234 1330 1446 1390 essent
1503 1325 1702 1389 verba
1754 1325 2026 1406 margini
2071 1325 2411 1406 adscripta.
2502 1327 2657 1391 Fert

455 1453 667 1512 autem
689 1447 966 1512 humana
988 1453 1234 1527 natura,
1283 1453 1371 1526 ut,
1423 1446 1929 1526 quotiescunque
1956 1451 2132 1511 certa
2164 1446 2328 1511 ratio
2354 1447 2559 1511 deerit
2595 1453 2659 1511 et

454 1569 535 1632 ad
573 1567 905 1632 arbitrium
953 1565 1166 1630 omnia
1200 1569 1386 1630 erunt
1426 1565 1776 1646 dirigenda,
1826 1584 1901 1629 60
1942 1567 2044 1630 vel
2086 1569 2359 1632 maxime
2395 1568 2658 1633 inclinet

452 1689 717 1768 animus,
766 1706 890 1768 quo
937 1687 1198 1751 minime
1245 1686 1475 1751 debeat
1519 1683 1846 1749 inclinare.
1894 1685 2118 1767 Neque
2148 1688 2287 1766 erit,
2338 1687 2447 1768 qui
2494 1686 2655 1750 adeo

452 1807 739 1887 miretur,
788 1809 842 1872 si
885 1808 990 1871 hic
1039 1814 1104 1871 et
1139 1807 1270 1870 illic
1307 1803 1803 1885 deprehenderit
1838 1801 2135 1872 librarios
2173 1827 2475 1889 perverso
2514 1809 2657 1873 1060

457 1929 788 2009 scriptoris
833 1929 1030 1992 verba
1065 1947 1140 1992 ex
1169 1927 1454 2008 margine
1486 1926 1553 1990 in
1583 1931 1826 1991 textum
1857 1913 2237 1998 restituisse.

626 2036 750 2112 ‘Sed
796 2047 1002 2112 rarius
1047 2023 1334 2111 offendas
1363 2046 1444 2116 in
1489 2045 1647 2126 ipsis
1691 2045 1817 2110 illis
1863 2047 2103 2127 verbis,
2176 2067 2339 2129 quae
2384 2047 2649 2130 proprie

457 2167 846 2247 transposita
887 2166 928 2230 i.
967 2186 1019 2230 e.
1069 2166 1276 2230 alieno
1323 2165 1466 2229 1060
1515 2184 1593 2229 ex
1636 2167 1923 2248 margine
1970 2169 2037 2232 in
2080 2175 2322 2234 textum
2356 2169 2659 2234 restituta

341 2290 348 2295 '
453 2306 593 2354 esse
637 2287 902 2367 videbis,
953 2307 1143 2369 quam
1188 2288 1253 2351 in
1297 2287 1395 2366 iis,
1446 2304 1611 2367 quae
1657 2287 1768 2351 illa
1805 2290 2002 2353 verba
2038 2291 2431 2372 transposita
2462 2310 2657 2370 prave

452 2414 563 2471 aut
609 2408 994 2472 antecedunt
1040 2413 1149 2471 aut
1195 2414 1566 2488 sequuntur,
1616 2407 1850 2489 quippe
1884 2429 2067 2499 quae,
2117 2412 2475 2478 disturbata
2509 2430 2657 2475 con-

451 2544 617 2613 nexa
661 2526 826 2591 serie
872 2545 1084 2590 rerum
1126 2545 1198 2591 ac
1240 2526 1602 2604 verborum,
1650 2525 1864 2590 inania
1891 2528 2267 2610 plerumque
2298 2529 2653 2594 trahantur.

455 2646 639 2722 Quod
675 2666 816 2711 cum
849 2647 940 2710 ita
976 2647 1075 2726 sit,
1122 2646 1250 2710 iam
1287 2644 1619 2724 iudicabis
1670 2664 1795 2726 quo
1829 2647 1971 2712 loco
2007 2648 2131 2711 sint
2172 2668 2391 2713 eorum
2425 2650 2654 2729 studia,

455 2767 563 2847 qui
608 2767 920 2831 eiusmodi
964 2769 1204 2859 verba.
1257 2768 1436 2831 bene.
1467 2785 1623 2831 sana
1670 2773 1733 2830 et
1780 2788 1931 2833 vere
1978 2767 2403 2833 Cornificiana
2461 2770 2653 2861 modo

455 2907 530 2951 ex
572 2907 699 2951 uno
746 2889 811 2952 in
847 2889 1119 2953 alterum
1148 2889 1358 2954 locum
1389 2889 1797 2968 transposita,
1847 2896 1957 2954 aut
1990 2889 2374 2954 coniecturis
2404 2894 2653 2953 tentare

453 3015 563 3072 aut
607 3028 723 3089 pro
770 3010 1176 3091 interpolatis
1225 3011 1563 3075 exturbare
1608 3009 1840 3090 velint,
1902 3029 2285 3091 quamquam
2330 3030 2411 3075 ne
2456 3012 2654 3075 inter-

449 3130 744 3211 polatore
791 3132 1048 3212 quidem
1086 3132 1224 3213 ipso
1258 3133 1380 3197 nisi
1416 3134 1640 3197 insano
1682 3131 1899 3212 aliqua
1938 3150 2014 3196 ex
2058 3138 2243 3212 parte
2288 3132 2479 3213 digna
2512 3153 2651 3199 esse

449 3249 777 3329 videntur3
847 3250 970 3315 nisi
1030 3250 1199 3315 forte
1261 3252 1401 3332 quis
1457 3236 1678 3331 putat,
1746 3250 2284 3334 interpolationes
2350 3258 2413 3316 et
2475 3252 2649 3333 ipsas

453 3370 924 3450 quodammodo
986 3370 1412 3450 transpositas
1474 3368 1535 3433 h.
1600 3388 1653 3433 e.
1722 3368 1831 3432 alii
1893 3368 2035 3432 1060
2104 3369 2459 3451 adscriptas
2522 3371 2648 3436 alio

451 3488 592 3553 loco
641 3487 706 3552 in
753 3494 997 3553 textum
1043 3508 1382 3570 perperam
1427 3490 1641 3554 illatas
1669 3508 1848 3566 esse.

619 3610 756 3672 Iam
802 3628 966 3689 quae
1013 3628 1090 3673 ex
1115 3609 1440 3675 Ciceronis
1486 3612 1566 3675 de
1611 3611 1733 3675 inv.
1771 3609 1951 3674 libris
1995 3607 2324 3689 profectae
2354 3588 2652 3674 videntur

449 3745 590 3792 esse
635 3728 975 3791 verborum
1033 3730 1595 3811 transpositiones,
1668 3731 1746 3795 de
1804 3730 1883 3794 iis
1944 3748 2072 3793 non
2130 3728 2377 3809 poteris
2436 3729 2648 3795 facere

444 3848 767 3928 iudicium,
813 3847 956 3927 nisi,
1005 3866 1169 3927 quae
1214 3850 1378 3913 ratio
1426 3852 1595 3916 inter
1622 3821 1949 3916 Ciceronis
1996 3856 2059 3914 et
2106 3848 2404 3915 Cornifici
2449 3849 2647 3915 libros

447 3966 826 4047 intercedat,
878 3973 1276 4048 compertum
1320 3968 1604 4033 habebis,

621 4088 804 4168 Quod
837 4090 890 4154 si
934 4108 1155 4158 verum
1203 4094 1318 4170 est,
1368 4090 1540 4172 quod
1584 4091 1674 4155 ait
1718 4092 1768 4171 Ι,
1816 4090 1874 4170 9,
1924 4090 2004 4156 16
2055 4096 2211 4157 extr.
2251 4088 2644 4169 Cornificius
