3067 4525
2636 291 2680 362 9

485 491 693 560 ficium
716 495 1060 578 expilasset
1082 501 1191 561 aut
1213 515 1402 578 quam
1422 495 1626 561 multa
1644 494 1710 560 in
1729 494 1848 562 hac
1871 494 2095 562 fraude
2115 501 2464 578 peccasset,
2493 511 2680 575 quam

488 618 922 698 copiosissime
970 637 1307 701 exponere.
1401 619 1536 684 Iam
1591 619 1747 684 mihi
1801 619 2066 686 videbar
2126 627 2188 686 et
2233 620 2372 702 ipse
2419 637 2680 699 operam

483 738 859 819 perdidisse,
888 740 1061 820 quod
1088 739 1346 804 dubium
1368 757 1497 803 non
1522 745 1638 819 est,
1667 741 1824 820 quin
1848 741 2063 822 aliqua
2088 761 2165 806 ex
2191 747 2375 822 parte
2399 741 2683 806 futurum

483 856 693 939 fuerit,
732 861 785 924 si
810 861 1583 941 gravissima-argumenta
1606 861 1924 942 potuisset
1949 863 2058 927 ille
2083 861 2426 940 infirmare,
2455 861 2684 942 quibus

485 985 845 1045 ceterorum
889 981 1215 1045 nitebatur
1256 981 1578 1046 iudicium.
1673 980 1955 1048 Conatus
2011 991 2226 1049 autem
2285 990 2382 1048 est
2427 981 2682 1046 Weid-

482 1118 713 1167 nerus
760 1105 1196 1185 comprobare,
1246 1102 1542 1169 Cornifici
1581 1112 1782 1170 artem
1823 1106 2249 1186 conscriptam
2289 1112 2352 1170 et
2385 1106 2450 1168 in
2474 1105 2682 1170 lucem

487 1223 719 1288 editam
770 1242 911 1288 esse
958 1223 1281 1289 Ciceronis
1325 1225 1505 1290 libris
1552 1226 1679 1290 iam
1726 1227 1976 1307 pridem
2022 1227 2104 1290 ad
2148 1225 2515 1292 umbilicum
2577 1224 2687 1288 ad-

488 1345 709 1411 ductis.
758 1345 942 1422 Quod
964 1352 1038 1411 ut
1070 1347 1409 1427 evinceret,
1444 1353 1725 1427 externa,
1775 1367 1938 1428 quae
1977 1347 2136 1412 alios
2169 1365 2394 1427 parum
2430 1363 2687 1408 curasse

483 1473 770 1548 putaret,
834 1474 1208 1547 argumenta
1262 1447 1608 1532 adhibuit(
1664 1467 1839 1544 Quae
1902 1468 2115 1532 omnia
2161 1485 2303 1531 cum
2349 1465 2510 1528 adeo
2558 1483 2687 1528 non

486 1593 697 1652 essent
757 1588 1240 1667 accommodata
1285 1589 1367 1652 ad
1411 1588 1930 1669 persuadendum
1974 1595 2073 1668 ut,
2141 1587 2222 1651 ad
2266 1587 2518 1667 priores
2565 1584 2687 1648 sal-

481 1715 612 1775 tem
660 1708 960 1774 Cornifici
1002 1708 1203 1774 libros
1243 1710 1415 1790 quod
1462 1710 1720 1789 attinet,
1791 1709 1948 1772 nihil
2005 1705 2689 1789 possentimminuere

485 1830 829 1893 certiorum
875 1828 1388 1893 testimoniorum
1433 1827 1654 1909 fidem,
1725 1829 2201 1909 exspectabam,
2272 1827 2350 1892 de
2405 1826 2684 1890 insinua-

483 1950 677 2014 tionis
739 1949 849 2013 illo
907 1948 1051 2013 loco
1116 1949 1269 2030 quid
1334 1950 1662 2014 videretur
1720 1949 2163 2028 WeidnerO,
2251 1949 2498 2030 quippe.
2553 1965 2679 2027 quo

487 2089 612 2135 uno
657 2069 1018 2135 firmissimo
1068 2070 1251 2150 quasi
1305 2068 1719 2135 fundamento
1783 2076 2080 2150 putarem
2147 2069 2301 2134 satis
2366 2085 2683 2149 superque

484 2190 687 2256 nisam
734 2209 873 2255 esse
922 2190 1305 2254 contrariam
1352 2190 1623 2254 aliorum
1691 2191 2092 2256 sententiam.
2197 2191 2296 2254 An
2344 2189 2684 2254 dilucidius

485 2330 866 2393 quemquam
915 2310 1347 2375 existimamus
1394 2312 1683 2392 potuisse
1746 2312 2065 2392 dividere,
2137 2330 2300 2392 quae
2358 2311 2501 2375 aliis
2556 2310 2687 2375 sive

485 2431 904 2512 scriptoribus
951 2430 1082 2495 sive
1128 2431 1450 2511 magistris
1498 2431 1781 2511 deberet,
1831 2450 1993 2511 quae
2034 2432 2113 2495 de
2151 2450 2266 2511 sua
2297 2419 2497 2512 ipsius
2545 2448 2686 2495 sen-

485 2552 690 2615 tentia
732 2568 898 2613 nova
943 2549 1009 2612 in
1070 2549 1351 2613 medium
1407 2550 1815 2631 protulisset,
1877 2570 2068 2631 quam
2131 2570 2306 2631 eum,
2380 2551 2487 2631 qui
2541 2549 2584 2613 1.
2645 2549 2685 2612 1.

488 2672 771 2753 scripsit:
818 2666 1069 2735 ‘Adhuc
1110 2688 1285 2753 quae
1328 2670 1514 2735 dicta
1567 2677 1740 2755 sunt,
1801 2670 2111 2739 arbitror
2159 2670 2320 2738 milli
2363 2642 2687 2738 constare

486 2818 635 2867 cum
672 2800 917 2865 ceteris
958 2799 1134 2865 artis
1180 2798 1656 2883 scriptoribuS,
1714 2803 1850 2869 nisi
1884 2819 2058 2886 quae
2103 2801 2184 2867 de
2225 2802 2684 2868 insinuatione

484 2948 665 2997 nova
720 2928 1289 3013 eazcoqitavimm,
1348 2927 1531 3012 quod
1582 2946 1731 2995 eam
1784 2929 1920 2995 soli
1955 2935 2246 3015 praeter
2299 2935 2566 2996 ceteros
2619 2931 2688 2995 in

485 3060 625 3125 tria
672 3063 979 3141 tempora
1028 3047 1517 3144 clivi'sss’inms‘.*)
1566 3055 1728 3131 Quid
1763 3062 1977 3120 autem
2013 3056 2134 3120 hoc
2173 3056 2250 3121 de
2281 3055 2687 3121 locoWeid-

483 3178 763 3241 nerus‘?
806 3175 1175 3240 Arbitratur
1197 3174 1305 3239 ille
1332 3175 1590 3256 quidem
1615 3174 1681 3257 (l.
1701 3175 1740 3238 1.
1760 3195 1819 3256 p.
1835 3175 1966 3239 XV.
1989 3148 2185 3260 med.)
2226 3183 2334 3242 aut
2371 3180 2689 3242 ‘utrum-

620 3348 671 3416 ¹⁸)
712 3345 858 3411 Quae
897 3344 999 3399 tria
1032 3343 1417 3400 insinuationis
1455 3352 1700 3417 tempora
1739 3346 1842 3399 iam
1880 3345 1944 3400 ab
1986 3346 2320 3401 Anaximene
2377 3346 2685 3417 significata

484 3449 609 3488 esse
648 3431 924 3502 persuasit
960 3429 1065 3484 sibi
1107 3428 1397 3499 KayseruS.
1435 3431 1543 3485 Sed
1582 3436 1708 3485 sunt
1746 3431 1878 3499 alia,
1912 3448 2047 3501 quae
2088 3431 2320 3501 legimus
2360 3432 2501 3503 apud
2540 3433 2687 3485 Cor-

487 3518 719 3579 nificium
739 3517 781 3587 1,
819 3521 867 3585 6,
904 3520 933 3571 9
971 3516 1064 3584 in.,
1100 3532 1258 3587 quem
1282 3516 1463 3570 locum
1487 3522 1675 3586 postea
1698 3515 2069 3583 tractabimus,
2108 3518 2232 3583 alia,
2272 3534 2406 3588 quae
2435 3516 2679 3587 illi-loco

486 3604 810 3659 conferenda
853 3602 1105 3657 videntur
1144 3616 1267 3655 esse
1306 3601 1360 3655 in
1397 3608 1516 3655 arte
1545 3599 1920 3669 AnaximeniS,
1959 3602 2114 3657 velut
2140 3602 2400 3672 scriptum
2435 3606 2520 3655 est
2546 3603 2686 3671 apud

484 3690 637 3745 illum
688 3690 983 3758 (Rhetores
1037 3688 1263 3755 Graeci,
1322 3704 1388 3741 ex
1444 3702 1553 3741 rec.
1593 3684 1851 3755 Spengeli
1910 3687 2020 3741 vol.
2062 3686 2101 3741 1.
2143 3706 2192 3759 p.
2235 3692 2334 3744 215
2389 3686 2489 3740 sub
2540 3685 2686 3755 ίὶιι.);

484 3774 619 3839 (καὶ
682 3778 824 3850 τοῖς
885 3774 1006 3855 μὲν
1068 3771 1236 3860 μήτε
1296 3765 1367 3837 εὖ
1426 3769 1594 3859 μήτε
1653 3775 1872 3847 κακῶς
1931 3772 2390 3852 διακειμένοις
2439 3770 2508 3837 ἐκ
2557 3774 2689 3833 τῶν

484 3875 816 3940 τοιούτων
862 3872 979 3961 τὴν
1027 3868 1295 3939 εὔνοιαν
1343 3876 1744 3960 ποριστέον,
1793 3872 1951 3951 τούς
1996 3876 2071 3940 δὲ
2117 3874 2689 3962 διαβεβλημένους

486 3970 847 4061 ἀναγκαῖον
892 3974 1010 4052 τὰς
1057 3974 1388 4054 διαβολὰς
1446 3970 1490 4063 ἢ
1553 3968 1860 4051 αὐτοὺς
1918 3972 2175 4056 ἔχειν,
2243 3972 2287 4059 ἢ
2331 3975 2422 4039 τὰ
2485 3972 2688 4054 πρά-

486 4102 793 4165 γματα,
861 4073 1069 4155 ὑπὲρ
1136 4066 1239 4139 ὧν
1304 4074 1750 4159 λέγουσιν,
1813 4069 1856 4158 ἢ
1913 4074 2051 4137 τὸν
2117 4069 2410 4157 λόγονῆ
