3067 4525
2482 229 2579 303 27

377 439 820 506 tantummodo
867 437 1182 502 laudavit:
1276 419 1444 519 ‘rem
1483 434 1777 504 breviter
1834 452 2135 500 narrare
2186 434 2579 520 poterimus,

378 574 442 638 si
472 619 488 637 .
520 622 534 636 .
570 620 583 633 .
643 585 779 634 non
815 567 904 634 ab
948 567 1180 634 ultimo
1237 533 1438 632 initio,
1476 568 1784 650 repetere
1840 563 2153 646 volemus,
2189 612 2203 630 .
2237 607 2253 625 .
2288 615 2300 629 .
2336 615 2349 628 .
2406 568 2471 628 ct
2522 564 2586 627 si

381 709 514 760 non
553 691 648 757 an
683 693 1073 770 eoetremum,
1132 688 1255 754 sed
1284 705 1500 772 usque
1554 705 1654 774 eo,
1714 702 1845 782 quo
1901 701 2073 767 opus
2128 685 2279 770 erit,
2330 700 2581 768 perse-

384 819 682 896 quemur,
738 816 813 876 et
865 811 932 874 si
987 806 1647 876 transitionibus
1702 807 1961 875 nullis
2016 813 2331 874 utemur
2386 791 2580 888 sqq‘.

381 933 566 996 Unde
611 928 1017 1010 perspicuum
1066 933 1196 1005 est,
1261 945 1404 990 eum
1453 932 1516 990 et
1570 929 1999 996 transitionis
2060 897 2455 992 substantivo
2520 929 2583 988 et

383 1049 786 1119 transeundi
867 1048 1062 1112 verbo
1149 1049 1415 1112 eandem
1493 1049 1623 1112 vim
1704 1049 2108 1128 adsignasse‚
2194 1047 2286 1110 ita
2368 1050 2440 1108 ut
2518 1049 2583 1134 et

383 1167 924 1238 ‘transitionibus
979 1168 1184 1234 nullis
1217 1162 1339 1236 uti‘
1386 1173 1450 1232 et
1509 1171 1663 1234 ‘non
1710 1171 2011 1238 transire
2052 1170 2121 1236 in
2160 1167 2372 1234 aliam
2418 1163 2587 1232 rem‘

379 1290 740 1374 promiscue
772 1286 1178 1352 Cornificium
1217 1289 1281 1353 in
1317 1287 1653 1354 brevitatis
1686 1294 1749 1352 et
1785 1289 1850 1353 in
1887 1286 2362 1371 perspicuitatis
2397 1304 2579 1366 prae-

380 1411 582 1492 ceptis
597 1427 938 1490 usurpasse
949 1410 1391 1475 arbitraretur.
1444 1409 1570 1474 Sed
1587 1409 1929 1474 intercedit
1950 1407 2212 1488 aliquod
2236 1407 2404 1471 inter
2422 1406 2580 1469 duas

296 1567 301 1572 ·
375 1530 520 1595 illas
565 1547 755 1594 voces
803 1528 1160 1594 discrimen.
1265 1530 1832 1598 ‘Transitionibns
1888 1523 2008 1598 nti‘
2065 1527 2217 1608 quid
2238 1525 2572 1606 significet,

376 1648 477 1715 vel
527 1649 765 1730 optime
814 1651 1253 1729 cognoscimus
1301 1669 1377 1714 ex
1425 1649 1709 1714 eiusdem
1765 1649 1929 1714 libro
1978 1647 2083 1726 IV,
2133 1646 2235 1725 26,
2287 1645 2367 1708 35
2416 1650 2571 1708 extr.
2670 1613 2677 1624 ’

383 1765 825 1837 ‘Transitio
859 1777 1238 1849 vocatur,
1274 1788 1480 1854 quae
1519 1787 1751 1855 quom
1784 1767 2153 1836 ostendit
2186 1765 2579 1846 breviter,

381 1892 572 1975 quid
664 1891 975 1958 dictum
1053 1894 1197 1977 sit,
1297 1891 1717 1974 proponit
1800 1890 1985 1954 item
2065 1886 2306 1952 brevi
2388 1883 2585 1968 quid

381 2016 726 2096 sequatu
741 2008 833 2077 r.‘
873 2012 1010 2088 Qua
1032 2011 1098 2076 in
1124 2011 1325 2092 ipsius
1353 2010 1687 2092 scriptoris
1720 2005 2249 2088 interpretatione
2282 2002 2575 2083 aequies-

385 2131 646 2194 cendum
672 2131 856 2195 nobis
893 2134 1034 2213 erit,
1083 2151 1466 2214 quamquam
1505 2131 1878 2196 Ciceronem
1922 2134 1985 2192 et
2030 2127 2096 2190 in
2140 2123 2473 2191 brevitatis
2514 2127 2577 2186 et

375 2253 437 2315 in
457 2253 937 2334 perspicuitatis
953 2253 1316 2335 praeceptis
1333 2272 1525 2318 unum
1541 2251 1839 2331 idemque
1866 2246 2271 2316 transeundi
2310 2245 2576 2309 verbum

373 2374 743 2437 adhibuisse
777 2371 1080 2435 videmus.
1102 2372 1164 2452 ²⁸)
1215 2372 1340 2436 Sed
1380 2390 1733 2449 caveamus
1773 2388 1853 2435 ne
1882 2387 1958 2432 ex
1984 2367 2322 2431 verborum
2358 2364 2577 2429 siniili-
2680 2370 2683 2374 ’

376 2487 600 2549 tudine
646 2503 1083 2563 praepropere
1121 2489 1198 2549 de
1245 2490 1436 2551 rebus
1467 2490 1624 2567 ipsis
1670 2487 1972 2552 iudicium
2003 2484 2329 2547 faciamus„
2375 2484 2573 2547 Nani-

383 2622 506 2683 que
555 2599 1043 2665 Ciceronianum
1101 2601 1260 2665 illud
1321 2604 1653 2667 brevitatis
1710 2606 2123 2682 praeceptum
2174 2601 2259 2667 ‘et
2327 2605 2391 2666 si
2442 2621 2575 2668 non

378 2724 591 2789 aliam
645 2723 716 2787 in
772 2739 911 2787 rem
970 2721 1271 2806 aliquam
1309 2721 1747 2789 transibitur‘
1785 2719 1941 2785 nihil
1975 2718 2170 2784 habet
2200 2718 2405 2784 simile
2434 2720 2576 2783 voci

384 2840 847 2905 Cornificianae
917 2842 996 2906 ‘si
1050 2842 1569 2909 transitionibus
1599 2842 1802 2909 nullis
1846 2838 2153 2921 utemur‘,
2225 2840 2575 2919 respondet

381 2966 593 3024 autem
640 2960 738 3039 iis,
789 2977 951 3040 quae
1001 2960 1171 3039 apud
1213 2960 1449 3025 Cernis.
1501 2963 1987 3041 subsequuntur,
2035 2961 2231 3024 verba
2278 2958 2573 3023 dicimus:

383 3086 466 3147 ‘et
532 3081 596 3145 si
659 3098 795 3147 non
864 3079 1333 3147 deerrabimus
1388 3080 1475 3147 ab
1531 3100 1644 3164 eo,
1723 3080 1905 3166 quod
1956 3082 2383 3165 coeperimus
2440 3066 2621 3145 ea·-'

373 3207 679 3295 ponere‘,
731 3209 812 3272 ad
859 3228 1022 3288 quae
1070 3210 1294 3273 eadem
1338 3228 1691 3290 provocare
1760 3208 2080 3272 debebunt
2138 3213 2202 3271 et
2273 3206 2403 3286 illi,
2469 3207 2577 3287 qui

379 3326 858 3411 perspicuitatis
915 3326 1073 3389 illud
1129 3334 1543 3409 praeceptum
1594 3329 1694 3395 ‘ne
1760 3346 1961 3413 quam
2028 3330 2097 3393 in
2169 3328 2381 3393 aliam
2434 3346 2575 3393 rem

374 3444 843 3516 transeamus‘
905 3445 1205 3510 brevitati
1251 3448 1575 3543 yindicare
1619 3448 1835 3513 velint.
1930 3447 2056 3511 Sed
2113 3465 2242 3510 non
2290 3452 2387 3511 est
2430 3449 2574 3512 bre-

376 3568 610 3633 vitatis.
702 3564 1047 3630 Brevitatis
1097 3566 1264 3635 enim
1308 3568 1638 3648 proprium
1685 3575 1783 3632 est
1826 3567 2310 3649 praescriptum,
2377 3572 2449 3629 ut
2495 3584 2575 3629 ne

377 3689 517 3770 quis
563 3706 602 3751 a
646 3706 714 3749 re
760 3685 1093 3765 proposita
1140 3688 1394 3749 deerret
1450 3705 1610 3752 neve
1676 3705 1752 3751 ea
1795 3708 1865 3751 re
1912 3687 2167 3769 longam
2216 3686 2574 3751 orationem

375 3809 716 3890 producat3
766 3804 1260 3885 perspicuitatis,
1307 3825 1386 3869 ne
1435 3806 1791 3872 deerrando
1826 3827 1863 3871 a
1893 3828 1963 3872 re
2006 3809 2342 3891 proposita
2368 3816 2574 3872 trans-

377 3933 482 3993 eat
524 3927 590 3990 in
636 3924 854 4004 aliam,
921 3943 1046 4005 qua
1090 3943 1160 3988 re
1207 3926 1478 3991 obscura
1525 3933 1717 4008 atque
1778 3928 2089 4008 impedita
2150 3928 2262 3993 fiat
2306 3948 2567 3998 necesse

550 4079 606 4155 ζ)
643 4076 790 4144 Quae
828 4076 1089 4151 inspicias
1127 4094 1329 4149 quaeso
1369 4078 1512 4151 apud
1550 4078 1725 4153 ipsum
1765 4078 1831 4135 de
1870 4079 1977 4143 inv.
2016 4078 2058 4149 Ι,
2096 4083 2183 4149 20,
2224 4084 2308 4141 28.
