3067 4525
2487 245 2582 315 23

385 449 737 532 interprete
769 451 982 532 aliquo
1035 451 1180 517 ‘vel
1219 449 1422 514 artis
1463 467 1655 514 suae
1699 448 2255 514 ostentandae
2299 448 2426 512 vel
2472 448 2587 513 rei

390 571 892 650 explicandae
936 570 1284 635 1101131110ι
1331 568 1598 648 illatum,
1649 570 1987 634 delendum
2024 587 2166 634 esse
2199 569 2582 651 opinatur*).

389 690 566 767 Quod
625 709 1028 771 nequaquam
1098 690 1156 754 ei
1223 690 1701 755 assentiendum
1770 707 1911 754 esse
1977 694 2292 768 putamus.
2386 689 2587 766 Quem

393 811 560 875 enim
587 810 1021 876 existimamus
1044 811 1478 892 interpretem,
1526 819 1596 875 ut
1630 811 1977 892 explicaret
2007 829 2143 874 rem
2182 810 2235 874 si
2268 829 2432 891 quae
2458 810 2587 873 alia

388 931 624 996 claram
671 937 864 1012 atque
911 931 1270 1011 dilucidam,
1319 930 1663 1009 addidisse,
1713 930 1886 1009 quod
1917 930 2125 1010 ipsum
2159 927 2583 1009 explicatione

386 1049 487 1114 vel
511 1050 786 1114 maxime
818 1050 1180 1131 indigeret?
1223 1050 1348 1114 Aut
1396 1067 1559 1130 quae
1608 1054 1704 1114 est
1754 1049 2123 1130 ostentatio,
2171 1048 2344 1129 quod
2390 1049 2584 1113 semel

390 1169 626 1236 dictum
674 1175 771 1234 est
813 1171 1002 1252 plane
1049 1177 1240 1251 atque
1287 1169 1583 1248 dilucide,
1629 1168 1800 1232 idem
1848 1168 2060 1233 dicere
2097 1168 2331 1233 iterum
2364 1169 2587 1234 obscu-

392 1287 564 1351 rius?
607 1287 896 1370 Namque
941 1310 1021 1354 ne
1068 1291 1273 1370 ipsum
1322 1289 1582 1369 quidem
1612 1289 2178 1368 Destinonium,
2256 1288 2589 1374 ‘deinceps

389 1407 647 1476 dicere‘
707 1409 860 1490 quid
924 1410 1043 1475 sibi
1085 1410 1302 1489 vellet,
1349 1415 1525 1474 recte
1586 1409 1975 1474 intellexisse
2021 1409 2425 1490 perspicuum
2474 1415 2588 1473 est.

389 1529 666 1593 Interest
713 1529 905 1608 enim,
971 1529 1241 1594 interest
1299 1530 1468 1595 inter
1517 1531 1639 1598 ‘bis
1670 1536 1791 1598 aut
1816 1531 2093 1616 saepius
2124 1530 2295 1597 idem
2332 1528 2585 1596 dicere‘

386 1654 449 1712 et
494 1649 740 1717 ‘dicere
779 1649 1136 1733 deinceps‘,
1188 1650 1423 1730 quippe
1481 1669 1751 1730 quorum
1809 1649 1965 1712 illud
2022 1648 2349 1729 propriam
2396 1647 2587 1727 signi-

384 1769 532 1833 ficet
560 1739 1050 1862 ‘tautologiams
1091 1767 1213 1832 hoc
1263 1769 1438 1832 aliud
1499 1760 2058 1854 περισσολογίας
2112 1785 2301 1847 quam
2374 1766 2589 1830 dicunt

386 1905 605 1968 genuS,
653 1886 807 1948 item
851 1885 1196 1950 vitandum.
1291 1885 1670 1950 Continetur
1714 1891 1929 1950 autem
1972 1886 2132 1966 hoe,
2180 1885 2245 1950 id
2294 1884 2464 1966 quod
2512 1905 2587 1948 ex

386 2007 588 2088 ipsius
633 2006 947 2100 deinceps
1008 2007 1298 2070 vocabuli
1331 2007 1755 2088 colligendum
1790 2013 1886 2072 est
1922 2006 2325 2090 etymologia,
2372 2025 2469 2084 ee,
2518 2012 2587 2068 ut

384 2123 741 2208 preximum
788 2125 1086 2204 quodque
1134 2126 1538 2189 enunciatum
1599 2125 2044 2189 introducatur
2111 2126 2582 2206 quodammodo

382 2241 1060 2329 novissimicuiusque
1107 2244 1510 2325 repetitione.
1603 2245 1697 2310 Ne
1761 2251 1972 2309 autem
2038 2246 2292 2312 omnino
2360 2252 2581 2328 posset

381 2364 678 2443 dubitari,
727 2363 880 2444 quid
927 2364 1048 2429 sibi
1092 2366 1286 2431 vellet
1331 2365 1449 2427 hoc
1504 2371 1951 2446 praeceptum,
2020 2368 2300 2445 perbene
2360 2367 2576 2431 vitiosi

379 2484 514 2548 eius
561 2482 814 2545 dicendi
859 2483 1110 2560 generis
1158 2482 1513 2573 exemplum
1561 2484 1807 2547 addidit
1854 2483 2229 2550 Cornificius
2273 2486 2429 2551 hoc:

592 2600 882 2669 ‘Athenis
937 2598 1294 2686 Meqaram
1344 2604 1614 2687 vesperi
1668 2604 1938 2671 advenit
1988 2603 2168 2671 Simo
2188 2627 2215 2670 .·

597 2718 748 2786 Ubi
815 2720 1156 2787 advenit
1225 2720 1647 2808 Meqaram
1701 2742 1755 2789 e.
1815 2741 1879 2808 q.
1934 2726 2018 2789 s.‘

555 2840 900 2905 Consimile
948 2846 1044 2905 est
1091 2840 1417 2907 Ciceronis
1484 2843 1563 2907 de
1626 2844 1848 2907 eadem
1910 2864 1980 2907 re
2042 2851 2459 2925 praeceptum-
2519 2844 2587 2909 in

388 2960 510 3024 inv.
559 2960 624 3040 I,
671 2958 773 3039 20,
821 2958 904 3023 28
948 2958 1112 3022 med.
1211 2959 1316 3027 ‘Et
1356 2964 1421 3027 si
1455 2962 1658 3029 semel
1692 2980 1893 3028 unum
1935 2965 2222 3049 quidque
2277 2967 2584 3044 dicetur,-

382 3086 458 3147 ει
547 3082 624 3147 si
714 3097 872 3145 11011
968 3078 1070 3145 ab
1162 3097 1283 3161 eo,
1380 3097 1537 3164 quo
1628 3081 1859 3147 modo
1950 3084 2303 3151 desitum
2400 3086 2581 3169 eric,

381 3201 777 3287 (leinceps
831 3197 1335 3284 incipietur<
1426 3197 1613 3274 Quod
1658 3199 1928 3264 alterum
1975 3208 2388 3283 praeceptum
2435 3203 2581 3268 Vic-

381 3319 628 3384 torinus
702 3320 742 3382 l.
818 3320 858 3383 1.
927 3337 988 3398 p.
1063 3316 1143 3383 59
1221 3319 1382 3382 med.
1457 3319 1538 3382 ad
1606 3318 1771 3383 hunc
1848 3321 2108 3399 modum
2185 3324 2584 3404 explanavit:

385 3440 598 3506 ‘...id
666 3446 822 3522 est,
893 3458 988 3506 ne
1056 3458 1100 3505 (ι
1167 3456 1252 3505 re
1318 3439 1504 3520 illa,
1579 3456 1808 3523 quam
1875 3458 2142 3526 nuper
2195 3443 2581 3527 diximus,

383 3562 492 3629 ad
563 3561 816 3628 aliam
894 3578 1066 3626 rem
1141 3576 1563 3626 sumamus
1641 3560 2109 3627 exordium.
2218 3558 2297 3627 Se·
2349 3563 2586 3629 dieas:

375 3679 732 3767 profectus·
783 3679 948 3745 urbe
981 3660 1186 3745 sum:
1241 3683 1306 3744 et
1343 3696 1490 3744 cum
1526 3696 1737 3745 essem
1780 3678 2162 3764 prosecuta,
2223 3682 2319 3748 acl
2352 3679 2583 3748 villam

385 3800 568 3865 veni:
595 3802 659 3864 et
685 3814 832 3863 (³2an
859 3798 1350 3863 vem·ssem....‘
1389 3796 1528 3873 Qua
1561 3819 1631 3863 re
1666 3818 1792 3863 una
1828 3800 1983 3866 satis
2019 3798 2411 3867 confutatam
2442 3819 2582 3867 esse

383 3918 716 3998 opinamur
759 3916 818 3979 D
835 3934 868 3981 e
886 3920 957 3979 st
973 3914 1045 3978 in
1065 3933 1100 3978 o
1117 3914 1193 3978 ni
1241 3918 1690 3998 suspicionem.

547 4070 592 4135 *)
637 4066 776 4123 Vide
812 4066 954 4141 apud
990 4067 1170 4140 ipsum
1209 4084 1263 4141 p.
1300 4070 1383 4125 20.
1431 4086 1552 4126 anu.
