3067 4525
2465 216 2556 292 31

365 401 493 448 non
561 388 693 449 tam
758 379 841 448 ad
902 380 1292 448 accusatoris
1350 381 1453 447 hic
1518 402 1708 464 quam
1775 381 1856 448 ad
1922 381 2276 451 defensoris
2339 405 2568 452 munus

366 505 647 569 animum
692 503 1075 583 intendisse,
1146 503 1237 566 ita
1290 509 1362 566 ut
1423 510 1487 567 et
1530 503 1597 567 in
1641 506 1850 570 verbis
1910 504 2093 591 ‘quid
2142 506 2338 574 nobis
2391 526 2567 574 6οη-

363 629 594 694 veniat
648 644 798 692 eum
864 605 1445 691 adv01·sa1·i‘is‘
1523 632 1588 689 et
1655 625 1721 690 in
1787 625 1905 705 iis,
1983 644 2147 706 quae
2218 633 2570 708 sequuntur

359 745 818 830 ,interfectam
872 761 1020 810 esse
1075 742 1162 809 ab
1210 743 1454 812 Oreste
1507 753 1793 814 matrem
1848 749 2158 814 convenit
2210 747 2372 815 mihi
2421 767 2569 815 cum.

363 872 943 941 advorsariis‘
991 873 1444 940 adversarios
1493 873 1898 954 intellegeret
1928 893 2057 954 eoS,
2110 876 2216 956 qui
2243 896 2423 940 reum
2455 877 2570 941 ali-

366 1013 555 1076 quem
615 991 934 1057 fecissent.
1029 990 1156 1055 Sed
1201 991 1433 1057 accidit
1494 993 1712 1057 nescio
1775 1011 1899 1074 quo
1945 1001 2154 1074 pactO,
2225 1004 2327 1077 ut,
2397 999 2570 1078 quod

368 1115 725 1196 exemplum
770 1112 947 1194 prius
993 1111 1277 1175 laudavit
1322 1112 1616 1193 scriptor,
1646 1111 1728 1179 ‘si
1760 1131 1934 1198 quae
1973 1115 2170 1181 utilia
2201 1117 2396 1184 nobis
2437 1119 2569 1202 (ac-

368 1239 589 1301 cusato
617 1232 917 1297 videlicet
932 1229 1141 1295 Oresti
1167 1229 1383 1294 eiusve
1406 1230 1878 1316 defensoribus)
1912 1241 2110 1302 erunt
2126 1238 2562 1322 eonvent'ent‘,

370 1353 758 1420 sententiam
803 1352 1115 1434 praebere
1162 1349 1456 1414 videatur
1498 1351 1689 1431 plane
1739 1353 2142 1418 contrariam.
2190 1355 2322 1421 Nec
2367 1358 2570 1438 magis

364 1475 539 1556 quod
592 1491 628 1539 6
663 1475 1018 1540 contrario
1043 1478 1273 1554 postea
1296 1472 1654 1553 exemplum
1689 1472 1922 1552 attulit,
1948 1473 2015 1536 in
2045 1492 2181 1538 rem
2217 1475 2447 1540 cadere
2480 1476 2571 1540 vi-

366 1596 575 1659 detur.
625 1596 829 1657 Porro
857 1592 1109 1671 accidit,
1157 1599 1229 1656 ut
1255 1590 1661 1657 commutatis
1685 1590 1854 1656 inter
1893 1611 1961 1657 se
1987 1594 2293 1676 exemplis
2316 1595 2417 1658 vel
2437 1613 2569 1658 ma-

368 1716 532 1779 xime
578 1712 1061 1779 accommodata
1094 1718 1286 1792 atque
1320 1710 1660 1792 perspicua
1706 1710 2045 1775 videantur
2077 1732 2218 1778 esse
2261 1733 2355 1794 ea,
2405 1731 2569 1793 quae

367 1833 555 1896 modo
586 1833 1111 1912 perspicuitatem
1136 1831 1310 1896 illam
1344 1830 1423 1894 ab
1460 1829 1752 1894 omnibus
1776 1830 1842 1893 in
1871 1830 2210 1896 Cornificio
2237 1831 2561 1896 laudatam

364 1951 637 2017 maximo
686 1971 878 2033 opere
928 1952 1294 2017 desiderare
1339 1951 1477 2014 visa
1523 1955 1688 2013 sunt.
1749 1950 2067 2016 Accusato
2119 1952 2286 2017 enim
2332 1954 2558 2018 Oreste

364 2073 823 2152 defensoribus,
892 2089 1051 2152 quos
1114 2070 1289 2154 ipsos
1351 2071 1689 2152 loquentes
1748 2069 1984 2135 Cornif.
2046 2072 2372 2153 induxisse
2434 2091 2552 2152 pro

362 2201 537 2261 certo
564 2195 893 2271 habemus,
940 2208 1067 2254 non
1115 2198 1213 2256 est
1255 2191 1433 2271 utile,
1480 2190 1637 2255 nihil
1667 2191 2023 2256 ,convenire
2069 2191 2238 2256 inter
2281 2191 2456 2272 ipsos
2506 2197 2569 2254 et

360 2318 765 2381 adversarios
812 2313 935 2376 nisi
995 2310 1445 2394 ‘interfectam
1525 2330 1675 2378 esse
1749 2312 1836 2378 ab
1915 2312 2156 2379 Oreste
2229 2310 2564 2395 matrem‘,

362 2434 519 2493 utile
566 2439 667 2494 est
712 2436 946 2505 autem,
993 2429 1169 2505 ipsos
1205 2430 1496 2494 confiteri
1530 2437 1939 2496 accusatores
1991 2431 2568 2519 ‘Aqamemnonem

365 2564 514 2611 esse
570 2564 614 2611 a
675 2546 1225 2628 Clytaemnestra
1278 2546 1624 2612 occisum‘.
1654 2538 1748 2632 ²¹⁸)

536 2665 712 2742 Quae
740 2680 845 2725 res
873 2679 1013 2726 cum
1038 2662 1127 2728 sic
1156 2682 1224 2728 se
1243 2662 1495 2742 habeat,
1526 2662 1655 2727 non
1677 2664 1770 2727 ita
1797 2663 2072 2727 alienum
2100 2662 2294 2729 fucrit
2319 2669 2568 2745 putare,

363 2785 529 2851 male
575 2783 1021 2867 perturbatum
1069 2803 1208 2849 esse
1255 2784 1322 2847 in
1366 2782 1546 2848 libris
1594 2783 2029 2865 exemplorum
2078 2784 2384 2847 ordinem.
2443 2782 2569 2847 Sed

361 2924 488 2970 non
535 2906 686 2971 licet
736 2902 1077 2985 confugere
1126 2905 1207 2968 ad
1251 2903 1590 2968 verborum
1631 2903 2216 2986 transpositionem,
2265 2903 2568 2983 quamdiu

357 3025 485 3105 illa,
525 3044 651 3107 quo
689 3031 835 3089 sunt
871 3025 1094 3090 ordine
1130 3024 1385 3105 tradita,
1424 3025 1914 3106 explicationem
1950 3024 2290 3089 admittant
2334 3021 2568 3087 tolera-

356 3143 568 3213 bilem.
617 3145 703 3209 Et
747 3164 865 3210 nos
914 3146 1189 3228 quidem,
1238 3145 1576 3227 quominus
1601 3152 1844 3211 temere
1894 3145 2238 3227 quidquam
2283 3163 2564 3225 agamuS,

359 3284 437 3329 eo
506 3265 646 3346 ipso
708 3265 1118 3347 impedimur,
1199 3266 1371 3347 quod
1433 3266 1751 3331 neminem
1815 3264 2021 3329 adhuc
2085 3264 2150 3327 in
2212 3264 2290 3327 iis
2354 3265 2565 3330 verbis

362 3383 701 3449 offendisse
747 3385 1054 3451 videmus.
1124 3386 1414 3467 Namque
1461 3385 1634 3465 quod
1677 3384 2204 3467 Kayserus**)
2251 3384 2564 3466 interpre-

353 3503 663 3567 tationem
699 3504 1023 3585 amplexus
1059 3513 1158 3570 est
1192 3505 1645 3587 speciosiorem
1685 3522 1873 3584 quam
1907 3503 2242 3582 veriorem,
2290 3525 2418 3569 non
2453 3514 2554 3571 est

355 3624 525 3705 quod
553 3624 965 3705 demonstret,
1015 3631 1313 3705 suspecta
1358 3643 1501 3688 eum
1549 3624 1754 3704 ipsum
1795 3623 2195 3687 haec·verba
2232 3624 2551 3690 habuisse.

352 3742 612 3807 Putavit
659 3741 825 3806 enim
870 3742 1011 3822 ille,
1085 3761 1423 3809 conversas
1482 3762 1623 3808 esse
1680 3743 2018 3823 utriusque
2075 3743 2346 3825 exempli
2409 3765 2554 3827 per-

539 3898 593 3964 *)
632 3894 786 3950 Conf.
814 3898 859 3962 1,
900 3896 982 3961 16,
1018 3898 1083 3951 26
1122 3902 1251 3964 post
1279 3896 1350 3953 in.
1389 3896 1619 3950 ‘Orestes
1637 3897 1920 3963 confitetur
1945 3912 1999 3949 se
2026 3896 2280 3951 occidisse
2296 3902 2554 3971 mcttrem3

368 3980 478 4033 nisi
512 3982 751 4035 attulerit
784 3982 923 4048 facti
958 3981 1239 4049 rationem,
1268 3982 1589 4050 perverterit
1623 3983 2018 4051 defensio-new.

522 4068 601 4137 **)
638 4066 689 4121 in
728 4067 827 4123 ed.
866 4068 984 4123 crit.
1024 4067 1169 4122 notis
1209 4084 1259 4141 p.
1298 4073 1395 4123 225
1434 4068 1576 4124 med.
