3067 4525
406 265 503 338 42

576 463 815 531 Cornif.
866 465 914 546 1,
969 463 1067 546 14,
1118 465 1197 530 24
1246 464 1327 530 in.
1673 463 1804 543 Cic,
1855 461 1932 541 de
1979 459 2102 526 inv.
2147 461 2196 540 Ι,
2249 459 2345 542 11,
2397 457 2476 527 15
2521 461 2608 527 in.

489 589 929 672 ‘Iuridicialis
944 604 1333 670 conste'mte'o
1346 608 1463 686 est,
1648 604 1763 672 ‘Ac
1849 599 2264 670 iuridicialis
2345 601 2614 685 quidem

405 749 597 816 quom
653 731 911 815 factum.
968 733 1311 814 convenit,
1367 737 1473 798 set
1540 736 1694 822 ipsa
1750 735 1816 799 in
1875 732 2051 798 duas
2081 729 2402 798 tribuitur
2417 749 2613 815 par-

403 863 554 928 iare
608 880 698 928 an
753 864 1010 928 im'ure‘a
1046 858 1305 942 factum
1358 862 1463 944 se't,
1543 871 1660 946 tes,
1718 859 2102 928 absolutam
2157 863 2220 925 et
2277 858 2614 943 adsump-

406 993 780 1078 quaeritur.
838 991 1004 1058 Esus
1026 989 1465 1056 conste'tute’o-
1543 997 1766 1062 livam.
1811 987 2214 1057 Absoluta
2251 992 2390 1070 est,
2435 1005 2616 1071 quae

404 1124 509 1188 m‘s
561 1125 800 1206 partes
840 1123 999 1186 sunt
1028 1117 1223 1188 duae.
1284 1134 1465 1202 qua-
1539 1125 1694 1208 ipsa
1750 1122 1816 1186 in
1868 1137 1941 1186 se
1997 1117 2293 1183 continet
2333 1119 2506 1182 iuris
2545 1121 2616 1182 et

404 1265 552 1316 rum
622 1265 759 1314 una
814 1244 1169 1330 apsoluta,
1242 1243 1467 1310 altero
1543 1251 1843 1316 iniuriae
1898 1248 2401 1332 quaestionem·
2455 1245 2612 1311 ad-

403 1375 833 1459 adsumptiva
866 1375 1273 1440 mnne‘nalur.
1306 1372 1463 1458 Ap-
1543 1380 1984 1464 svmmvm,
2063 1392 2236 1458 quae
2299 1376 2456 1459 ipsa
2523 1393 2614 1440 ex

404 1501 590 1568 solu
610 1507 689 1568 ta
756 1505 916 1583 est,
1001 1520 1196 1588 quom
1256 1551 1462 1570 .....
1543 1524 1614 1572 se
1669 1505 1841 1572 m‘leil
1889 1505 2010 1572 dat
2067 1501 2262 1584 firmi
2322 1502 2419 1567 ad
2485 1519 2614 1568 re-

404 1629 959 1718 Adsumptiva
1027 1649 1242 1718 pars
1316 1636 1463 1714 est,
1545 1637 1981 1716 cusationem,
2018 1631 2197 1715 foris
2227 1635 2450 1696 aulem.
2479 1631 2614 1696 ali-

407 1779 603 1848 quom
658 1780 790 1847 per
854 1781 955 1829 se.
992 1759 1293 1845 defensio
1350 1763 1465 1828 in-
1546 1764 1708 1852 quid
1797 1760 2210 1843 defensionis
2296 1759 2611 1826 adsumit.

402 1892 614 1974 firma
686 1897 819 1974 est,
906 1893 1269 1977 adsumpta
1340 1910 1469 1958 ear-
1543 1891 1711 1960 Eius
1757 1895 2000 1977 parles
2053 1894 2214 1955 sunt
2263 1892 2609 1972 quattuor,

406 2023 631 2086 traria
653 2038 728 2085 re
756 2019 1240 2102 conprobatur.
1313 2020 1365 2084 A
1384 2021 1469 2084 d·
1546 2022 1914 2102 concessw,
1953 2018 2301 2084 remotio
2333 2017 2611 2082 crimi-

404 2147 865 2228 sumptivae
923 2150 1234 2228 partes
1287 2149 1473 2210 sunt
1545 2150 1708 2229 niS,
1791 2147 2115 2212 relatio
2193 2145 2604 2224 criminis,

408 2278 770 2359 quattuor:
810 2277 1177 2357 conces-sia,
1210 2290 1471 2340 remo·
1548 2274 2008 2361 comparamus

410 2404 527 2469 te'o
574 2403 971 2485 criminis,
1016 2401 1472 2469 translatio

415 2550 451 2595 c
468 2550 504 2596 r
517 2533 543 2598 i
556 2531 807 2612 minis,
876 2529 1339 2631 conparatiof

582 2658 821 2735 Quibus
867 2660 933 2723 in
977 2659 1187 2724 verbis
1233 2658 1300 2720 id
1344 2660 1552 2739 ipsum
1600 2662 1829 2741 opinor
1873 2661 2065 2726 habet
2112 2660 2356 2741 aliquid
2415 2656 2608 2723 offen-

411 2778 626 2856 sionis,
674 2778 845 2857 quod
881 2778 947 2839 in
982 2776 1371 2855 exponendis
1408 2778 1782 2843 iuridicialis
1813 2780 2286 2845 constitutionis
2321 2780 2610 2861 partibus

413 2894 785 2981 ‘apsoluta‘
818 2894 1201 2959 adiectivum
1243 2896 1411 2960 nude
1443 2898 1723 2976 positum
1775 2902 2065 2983 sequitur
2104 2898 2605 2985 ‘adsutnple'va‘‚

404 3018 631 3099 partis
688 3014 1083 3080 substantivo
1131 3018 1393 3094 proprie
1441 3019 1786 3101 adscripto,
1833 3022 2213 3103 praesertim
2262 3040 2403 3086 cum
2451 3040 2614 3087 con-

409 3138 777 3202 stitutionis
818 3155 1007 3216 quam
1055 3142 1284 3223 partis
1341 3158 1564 3204 vocem
1596 3142 1677 3205 ad
1705 3150 2044 3225 utrumque
2085 3142 2470 3207 adiectivum
2516 3142 2612 3205 in-

410 3255 716 3336 tellegere
769 3256 1089 3322 malueris.
1180 3260 1474 3340 Accedit,
1537 3264 1710 3340 quod
1768 3264 2169 3343 adsumptiva
2236 3261 2609 3325 constitutio

409 3376 772 3458 insequenti
818 3380 1137 3443 sententia
1179 3380 1247 3443 in
1289 3380 1505 3459 plures
1554 3388 1618 3445 et
1663 3381 1802 3461 ipsa
1846 3387 2062 3461 partes
2123 3380 2453 3459 dividitur,
2520 3380 2613 3442 ita

409 3507 480 3563 ut
527 3501 605 3564 de
652 3500 895 3564 duabus
944 3499 1242 3580 deinceps
1287 3500 1622 3564 sententiis
1683 3500 1888 3564 altera
1948 3499 2198 3563 initium
2257 3500 2468 3579 capiat
2529 3499 2608 3563 ab

414 3620 866 3705 ‘adsumptiva
886 3639 1063 3705 pars
1086 3618 1207 3686 est‘
1232 3621 1436 3685 altera
1464 3622 1542 3685 ab
1593 3618 2081 3704 ‘adsumptivae
2111 3626 2356 3704 partes
2399 3616 2606 3702 sunt‘,

409 3759 673 3804 numero
712 3744 943 3827 parte-'s
980 3740 1277 3806 vocabuli
1303 3740 1743 3804 tantummodo
1775 3727 2180 3804 commutato.
2228 3740 2414 3804 Unde
2436 3738 2610 3801 haud

412 3861 687 3925 alienum
741 3860 935 3925 fuerit
1000 3862 1337 3942 suspicari,
1402 3860 1858 3940 interpolatum
1903 3860 1969 3923 in
2013 3860 2229 3941 priore
2291 3860 2610 3923 sententia

412 4000 551 4045 esse
597 3981 756 4044 illud
801 3980 1262 4045 substantivum
1311 3978 1544 4063 ‘pars‘.
1613 3976 1787 4051 Quae
1835 3978 2108 4057 suspicio
2155 3977 2357 4055 magis
2414 3979 2607 4041 etiam

410 4096 699 4167 firmatur
741 4099 1168 4165 recentiorum
1202 4096 1600 4194 quorundam
1647 4094 1934 4163 codicum
1978 4095 2272 4173 lectione,
2319 4094 2494 4160 velut
2539 4095 2606 4160 in
