<?xml version="1.0" encoding="UTF-8"?>
<!DOCTYPE html PUBLIC "-//W3C//DTD XHTML 1.0 Transitional//EN"
    "http://www.w3.org/TR/xhtml1/DTD/xhtml1-transitional.dtd">
<html xmlns="http://www.w3.org/1999/xhtml" xml:lang="en" lang="en">
 <head>
  <title>
</title>
<meta http-equiv="Content-Type" content="text/html;charset=utf-8" />
  <meta name='ocr-system' content='tesseract 3.04.00' />
  <meta name='ocr-capabilities' content='ocr_page ocr_carea ocr_par ocr_line ocrx_word'/>
</head>
<body>
  <div class='ocr_page' id='page_1' title='image "./deverborumtrans00hoffgoog_0010.png"; bbox 0 0 3067 4525; ppageno 0'>
   <div class='ocr_carea' id='block_1_1' title="bbox 378 215 421 285">
    <p class='ocr_par' dir='ltr' id='par_1_1' title="bbox 378 215 421 285">
     <span class='ocr_line' id='line_1_1' title="bbox 378 215 421 285; baseline 0 0"><span class='ocrx_word' id='word_1_1' title='bbox 378 215 421 285; x_wconf 88' lang='lat'>6</span> 
     </span>
    </p>
   </div>
   <div class='ocr_carea' id='block_1_2' title="bbox 376 412 2614 4113">
    <p class='ocr_par' dir='ltr' id='par_1_2' title="bbox 376 412 2584 979">
     <span class='ocr_line' id='line_1_2' title="bbox 376 412 2580 497; baseline 0.001 -20"><span class='ocrx_word' id='word_1_2' title='bbox 376 413 697 479; x_wconf 89' lang='lat' dir='ltr'>cotidiano</span> <span class='ocrx_word' id='word_1_3' title='bbox 766 433 1111 497; x_wconf 90' lang='lat' dir='ltr'>puerorum</span> <span class='ocrx_word' id='word_1_4' title='bbox 1170 412 1593 479; x_wconf 85' lang='lat' dir='ltr'>institutionis</span> <span class='ocrx_word' id='word_1_5' title='bbox 1651 432 1914 478; x_wconf 87' lang='lat' dir='ltr'>munere</span> <span class='ocrx_word' id='word_1_6' title='bbox 1987 412 2227 496; x_wconf 88' lang='lat' dir='ltr'>aliquid</span> <span class='ocrx_word' id='word_1_7' title='bbox 2273 413 2580 495; x_wconf 86' lang='lat' dir='ltr'>temporis</span> 
     </span>
     <span class='ocr_line' id='line_1_3' title="bbox 377 535 2584 629; baseline 0 -29"><span class='ocrx_word' id='word_1_8' title='bbox 377 537 727 617; x_wconf 84' lang='lat' dir='ltr'>supererit,</span> <span class='ocrx_word' id='word_1_9' title='bbox 789 537 913 601; x_wconf 91' lang='lat' dir='ltr'>alio</span> <span class='ocrx_word' id='word_1_10' title='bbox 952 537 1118 629; x_wconf 25' lang='lat' dir='ltr'>‘loco</span> <span class='ocrx_word' id='word_1_11' title='bbox 1166 536 1426 602; x_wconf 91' lang='lat' dir='ltr'>uberius</span> <span class='ocrx_word' id='word_1_12' title='bbox 1481 535 1849 617; x_wconf 87' lang='lat' dir='ltr'>disputandi</span> <span class='ocrx_word' id='word_1_13' title='bbox 1897 537 2148 602; x_wconf 83' lang='lat' dir='ltr'>occasio</span> <span class='ocrx_word' id='word_1_14' title='bbox 2196 537 2382 602; x_wconf 90' lang='lat' dir='ltr'>nobis</span> <span class='ocrx_word' id='word_1_15' title='bbox 2430 535 2584 600; x_wconf 86' lang='lat' dir='ltr'>offe-</span> 
     </span>
     <span class='ocr_line' id='line_1_4' title="bbox 376 654 2582 736; baseline 0.001 -18"><span class='ocrx_word' id='word_1_16' title='bbox 376 663 573 720; x_wconf 82' lang='lat' dir='ltr'><strong>retur.</strong></span> <span class='ocrx_word' id='word_1_17' title='bbox 620 656 761 720; x_wconf 87' lang='lat' dir='ltr'>Hoc</span> <span class='ocrx_word' id='word_1_18' title='bbox 792 657 935 721; x_wconf 90' lang='grc'><strong>1060</strong></span> <span class='ocrx_word' id='word_1_19' title='bbox 986 656 1141 720; x_wconf 89' lang='lat' dir='ltr'>satis</span> <span class='ocrx_word' id='word_1_20' title='bbox 1186 654 1381 720; x_wconf 83' lang='lat' dir='ltr'>fuerit</span> <span class='ocrx_word' id='word_1_21' title='bbox 1429 674 1873 736; x_wconf 89' lang='lat' dir='ltr'>commonere,</span> <span class='ocrx_word' id='word_1_22' title='bbox 1924 657 2301 722; x_wconf 77' lang='lat' dir='ltr'>delitescere</span> <span class='ocrx_word' id='word_1_23' title='bbox 2346 656 2410 719; x_wconf 92' lang='lat' dir='ltr'>in</span> <span class='ocrx_word' id='word_1_24' title='bbox 2456 656 2582 720; x_wconf 84' lang='lat' dir='ltr'>illis</span> 
     </span>
     <span class='ocr_line' id='line_1_5' title="bbox 380 773 2584 859; baseline 0.002 -21"><span class='ocrx_word' id='word_1_25' title='bbox 380 793 543 855; x_wconf 89' lang='lat' dir='ltr'>quae</span> <span class='ocrx_word' id='word_1_26' title='bbox 600 773 892 839; x_wconf 88' lang='lat' dir='ltr'>feruntur</span> <span class='ocrx_word' id='word_1_27' title='bbox 957 773 1564 856; x_wconf 61' lang='lat' dir='ltr'>interpolationibus}</span> <span class='ocrx_word' id='word_1_28' title='bbox 1632 775 1804 840; x_wconf 90' lang='lat' dir='ltr'>haud</span> <span class='ocrx_word' id='word_1_29' title='bbox 1865 796 2012 840; x_wconf 87' lang='lat' dir='ltr'>raro</span> <span class='ocrx_word' id='word_1_30' title='bbox 2059 778 2161 842; x_wconf 89' lang='lat' dir='ltr'>vel</span> <span class='ocrx_word' id='word_1_31' title='bbox 2208 773 2584 859; x_wconf 78' lang='lat' dir='ltr'>gravissima</span> 
     </span>
     <span class='ocr_line' id='line_1_6' title="bbox 381 896 2277 979; baseline 0.001 -17"><span class='ocrx_word' id='word_1_32' title='bbox 381 898 557 978; x_wconf 84' lang='lat' dir='ltr'>vitia,</span> <span class='ocrx_word' id='word_1_33' title='bbox 625 899 852 979; x_wconf 89' lang='lat' dir='ltr'>quibus</span> <span class='ocrx_word' id='word_1_34' title='bbox 900 898 1042 964; x_wconf 87' lang='lat' dir='ltr'>aliis</span> <span class='ocrx_word' id='word_1_35' title='bbox 1091 896 1437 962; x_wconf 87' lang='lat' dir='ltr'>conflictati</span> <span class='ocrx_word' id='word_1_36' title='bbox 1485 896 1611 960; x_wconf 89' lang='lat' dir='ltr'>sint</span> <span class='ocrx_word' id='word_1_37' title='bbox 1657 896 1812 962; x_wconf 90' lang='lat' dir='ltr'>libri.</span> <span class='ocrx_word' id='word_1_38' title='bbox 1853 898 2277 964; x_wconf 82' lang='lat' dir='ltr'>Cornificiani.</span> 
     </span>
    </p>

    <p class='ocr_par' dir='ltr' id='par_1_3' title="bbox 380 1015 2599 2308">
     <span class='ocr_line' id='line_1_7' title="bbox 551 1015 2584 1096; baseline 0 -15"><span class='ocrx_word' id='word_1_39' title='bbox 551 1018 802 1084; x_wconf 85' lang='lat' dir='ltr'>Accidit</span> <span class='ocrx_word' id='word_1_40' title='bbox 846 1019 1013 1084; x_wconf 89' lang='lat' dir='ltr'>enim</span> <span class='ocrx_word' id='word_1_41' title='bbox 1059 1017 1125 1082; x_wconf 92' lang='lat' dir='ltr'>in</span> <span class='ocrx_word' id='word_1_42' title='bbox 1168 1015 1267 1082; x_wconf 89' lang='lat' dir='ltr'>his</span> <span class='ocrx_word' id='word_1_43' title='bbox 1311 1015 1511 1095; x_wconf 82' lang='lat' dir='ltr'>libris,</span> <span class='ocrx_word' id='word_1_44' title='bbox 1561 1017 1669 1096; x_wconf 94' lang='lat' dir='ltr'>qui</span> <span class='ocrx_word' id='word_1_45' title='bbox 1717 1023 1928 1082; x_wconf 87' lang='lat' dir='ltr'>tantas</span> <span class='ocrx_word' id='word_1_46' title='bbox 1976 1019 2131 1092; x_wconf 85' lang='lat' dir='ltr'>illas</span> <span class='ocrx_word' id='word_1_47' title='bbox 2167 1019 2433 1084; x_wconf 86' lang='lat' dir='ltr'>iniurias</span> <span class='ocrx_word' id='word_1_48' title='bbox 2481 1038 2584 1083; x_wconf 91' lang='lat' dir='ltr'>ex-</span> 
     </span>
     <span class='ocr_line' id='line_1_8' title="bbox 380 1137 2582 1232; baseline 0.001 -29"><span class='ocrx_word' id='word_1_49' title='bbox 380 1139 547 1222; x_wconf 90' lang='lat' dir='ltr'>perti</span> <span class='ocrx_word' id='word_1_50' title='bbox 582 1145 745 1217; x_wconf 88' lang='lat' dir='ltr'>sunt,</span> <span class='ocrx_word' id='word_1_51' title='bbox 794 1145 864 1201; x_wconf 89' lang='lat' dir='ltr'>ut</span> <span class='ocrx_word' id='word_1_52' title='bbox 900 1139 1067 1201; x_wconf 87' lang='lat' dir='ltr'>male</span> <span class='ocrx_word' id='word_1_53' title='bbox 1105 1143 1387 1201; x_wconf 88' lang='lat' dir='ltr'>mutatus</span> <span class='ocrx_word' id='word_1_54' title='bbox 1425 1137 1748 1226; x_wconf 87' lang='lat' dir='ltr'>interdum</span> <span class='ocrx_word' id='word_1_55' title='bbox 1795 1140 1989 1204; x_wconf 87' lang='lat' dir='ltr'>etiam</span> <span class='ocrx_word' id='word_1_56' title='bbox 2035 1141 2376 1232; x_wconf 66' lang='lat' dir='ltr'>verborum</span> <span class='ocrx_word' id='word_1_57' title='bbox 2425 1143 2582 1205; x_wconf 90' lang='lat' dir='ltr'>ordo</span> 
     </span>
     <span class='ocr_line' id='line_1_9' title="bbox 383 1257 2585 1342; baseline 0 -18"><span class='ocrx_word' id='word_1_58' title='bbox 383 1259 567 1325; x_wconf 89' lang='lat' dir='ltr'>nobis</span> <span class='ocrx_word' id='word_1_59' title='bbox 612 1260 1017 1342; x_wconf 81' lang='lat' dir='ltr'>praebeatur,</span> <span class='ocrx_word' id='word_1_60' title='bbox 1064 1258 1157 1324; x_wconf 88' lang='lat' dir='ltr'>ita</span> <span class='ocrx_word' id='word_1_61' title='bbox 1201 1263 1273 1320; x_wconf 90' lang='lat' dir='ltr'>ut</span> <span class='ocrx_word' id='word_1_62' title='bbox 1296 1257 1487 1320; x_wconf 89' lang='lat' dir='ltr'>modo</span> <span class='ocrx_word' id='word_1_63' title='bbox 1526 1257 1775 1338; x_wconf 85' lang='lat' dir='ltr'>singula</span> <span class='ocrx_word' id='word_1_64' title='bbox 1814 1261 2145 1339; x_wconf 88' lang='lat' dir='ltr'>vocabula,</span> <span class='ocrx_word' id='word_1_65' title='bbox 2193 1266 2371 1324; x_wconf 88' lang='lat' dir='ltr'>totae</span> <span class='ocrx_word' id='word_1_66' title='bbox 2396 1261 2585 1325; x_wconf 90' lang='lat' dir='ltr'>modo</span> 
     </span>
     <span class='ocr_line' id='line_1_10' title="bbox 388 1378 2589 1446; baseline 0 -2"><span class='ocrx_word' id='word_1_67' title='bbox 388 1379 743 1444; x_wconf 86' lang='lat' dir='ltr'>sententiae</span> <span class='ocrx_word' id='word_1_68' title='bbox 814 1380 891 1444; x_wconf 89' lang='lat' dir='ltr'>ab</span> <span class='ocrx_word' id='word_1_69' title='bbox 953 1397 1079 1444; x_wconf 91' lang='lat' dir='ltr'>uno</span> <span class='ocrx_word' id='word_1_70' title='bbox 1126 1379 1190 1442; x_wconf 92' lang='lat' dir='ltr'>in</span> <span class='ocrx_word' id='word_1_71' title='bbox 1238 1378 1510 1441; x_wconf 88' lang='lat' dir='ltr'>alterum</span> <span class='ocrx_word' id='word_1_72' title='bbox 1573 1378 1786 1441; x_wconf 89' lang='lat' dir='ltr'>locum</span> <span class='ocrx_word' id='word_1_73' title='bbox 1831 1380 2182 1444; x_wconf 79' lang='lat' dir='ltr'>translatae</span> <span class='ocrx_word' id='word_1_74' title='bbox 2230 1399 2370 1445; x_wconf 88' lang='lat' dir='ltr'>esse</span> <span class='ocrx_word' id='word_1_75' title='bbox 2415 1381 2589 1446; x_wconf 88' lang='lat' dir='ltr'>vide-</span> 
     </span>
     <span class='ocr_line' id='line_1_11' title="bbox 386 1497 2591 1581; baseline 0.001 -17"><span class='ocrx_word' id='word_1_76' title='bbox 386 1507 592 1566; x_wconf 90' lang='lat' dir='ltr'>antur.</span> <span class='ocrx_word' id='word_1_77' title='bbox 687 1500 825 1577; x_wconf 85' lang='lat' dir='ltr'>Qua</span> <span class='ocrx_word' id='word_1_78' title='bbox 868 1501 934 1565; x_wconf 93' lang='lat' dir='ltr'>in</span> <span class='ocrx_word' id='word_1_79' title='bbox 978 1519 1049 1564; x_wconf 93' lang='lat' dir='ltr'>re</span> <span class='ocrx_word' id='word_1_80' title='bbox 1095 1497 1234 1563; x_wconf 91' lang='lat' dir='ltr'>fieri</span> <span class='ocrx_word' id='word_1_81' title='bbox 1278 1516 1407 1562; x_wconf 91' lang='lat' dir='ltr'>non</span> <span class='ocrx_word' id='word_1_82' title='bbox 1452 1498 1700 1578; x_wconf 87' lang='lat' dir='ltr'>potuit,</span> <span class='ocrx_word' id='word_1_83' title='bbox 1772 1500 1924 1579; x_wconf 92' lang='lat' dir='ltr'>quin</span> <span class='ocrx_word' id='word_1_84' title='bbox 1993 1501 2226 1581; x_wconf 86' lang='lat' dir='ltr'>duplex</span> <span class='ocrx_word' id='word_1_85' title='bbox 2294 1504 2591 1566; x_wconf 86' lang='lat' dir='ltr'>damnum</span> 
     </span>
     <span class='ocr_line' id='line_1_12' title="bbox 388 1619 2592 1703; baseline 0 -17"><span class='ocrx_word' id='word_1_86' title='bbox 388 1622 719 1702; x_wconf 85' lang='lat' dir='ltr'>scriptoris</span> <span class='ocrx_word' id='word_1_87' title='bbox 767 1619 1529 1698; x_wconf 83' lang='lat' dir='ltr'>verbis.contraheretur,</span> <span class='ocrx_word' id='word_1_88' title='bbox 1580 1637 1720 1684; x_wconf 89' lang='lat' dir='ltr'>cum</span> <span class='ocrx_word' id='word_1_89' title='bbox 1767 1621 1869 1685; x_wconf 92' lang='lat' dir='ltr'>hic</span> <span class='ocrx_word' id='word_1_90' title='bbox 1910 1623 2377 1702; x_wconf 89' lang='lat' dir='ltr'>omitterentur,</span> <span class='ocrx_word' id='word_1_91' title='bbox 2429 1641 2592 1703; x_wconf 91' lang='lat' dir='ltr'>quae</span> 
     </span>
     <span class='ocr_line' id='line_1_13' title="bbox 394 1741 2595 1824; baseline -0.001 -15"><span class='ocrx_word' id='word_1_92' title='bbox 394 1745 530 1809; x_wconf 90' lang='lat' dir='ltr'>sine</span> <span class='ocrx_word' id='word_1_93' title='bbox 578 1743 963 1814; x_wconf 87' lang='lat' dir='ltr'>detrimento</span> <span class='ocrx_word' id='word_1_94' title='bbox 1012 1741 1369 1806; x_wconf 87' lang='lat' dir='ltr'>sententiae</span> <span class='ocrx_word' id='word_1_95' title='bbox 1418 1743 1642 1806; x_wconf 88' lang='lat' dir='ltr'>deesse</span> <span class='ocrx_word' id='word_1_96' title='bbox 1688 1761 1818 1805; x_wconf 90' lang='lat' dir='ltr'>non</span> <span class='ocrx_word' id='word_1_97' title='bbox 1863 1750 2157 1823; x_wconf 78' lang='lat' dir='ltr'>possent,</span> <span class='ocrx_word' id='word_1_98' title='bbox 2216 1743 2366 1824; x_wconf 91' lang='lat' dir='ltr'>illic,</span> <span class='ocrx_word' id='word_1_99' title='bbox 2431 1762 2595 1824; x_wconf 88' lang='lat' dir='ltr'>quae</span> 
     </span>
     <span class='ocr_line' id='line_1_14' title="bbox 389 1862 2597 1944; baseline -0.002 -14"><span class='ocrx_word' id='word_1_100' title='bbox 389 1883 603 1930; x_wconf 89' lang='lat' dir='ltr'>rerum</span> <span class='ocrx_word' id='word_1_101' title='bbox 676 1883 749 1928; x_wconf 93' lang='lat' dir='ltr'>ac</span> <span class='ocrx_word' id='word_1_102' title='bbox 801 1864 1143 1927; x_wconf 88' lang='lat' dir='ltr'>verborum</span> <span class='ocrx_word' id='word_1_103' title='bbox 1204 1862 1435 1926; x_wconf 89' lang='lat' dir='ltr'>seriem</span> <span class='ocrx_word' id='word_1_104' title='bbox 1508 1862 2081 1943; x_wconf 86' lang='lat' dir='ltr'>interrumperent,</span> <span class='ocrx_word' id='word_1_105' title='bbox 2144 1881 2340 1944; x_wconf 89' lang='lat' dir='ltr'>prave</span> <span class='ocrx_word' id='word_1_106' title='bbox 2405 1862 2597 1926; x_wconf 86' lang='lat' dir='ltr'>infer-</span> 
     </span>
     <span class='ocr_line' id='line_1_15' title="bbox 390 1983 2592 2064; baseline -0.002 -14"><span class='ocrx_word' id='word_1_107' title='bbox 390 1991 628 2050; x_wconf 90' lang='lat' dir='ltr'>rentur.</span> <span class='ocrx_word' id='word_1_108' title='bbox 722 1983 895 2060; x_wconf 82' lang='lat' dir='ltr'>Quae</span> <span class='ocrx_word' id='word_1_109' title='bbox 941 1983 1282 2046; x_wconf 90' lang='lat' dir='ltr'>verborum</span> <span class='ocrx_word' id='word_1_110' title='bbox 1335 1983 1872 2063; x_wconf 82' lang='lat' dir='ltr'>transpositiones</span> <span class='ocrx_word' id='word_1_111' title='bbox 1921 1983 2082 2047; x_wconf 88' lang='lat' dir='ltr'>adeo</span> <span class='ocrx_word' id='word_1_112' title='bbox 2132 2001 2592 2064; x_wconf 88' lang='lat' dir='ltr'>saepenumero</span> 
     </span>
     <span class='ocr_line' id='line_1_16' title="bbox 394 2097 2599 2184; baseline -0 -16"><span class='ocrx_word' id='word_1_113' title='bbox 394 2104 774 2184; x_wconf 76' lang='lat' dir='ltr'>conspicuae</span> <span class='ocrx_word' id='word_1_114' title='bbox 824 2108 998 2181; x_wconf 87' lang='lat' dir='ltr'>sunt,</span> <span class='ocrx_word' id='word_1_115' title='bbox 1068 2107 1139 2166; x_wconf 89' lang='lat' dir='ltr'>ut</span> <span class='ocrx_word' id='word_1_116' title='bbox 1199 2100 1481 2178; x_wconf 90' lang='lat' dir='ltr'>mireris,</span> <span class='ocrx_word' id='word_1_117' title='bbox 1546 2100 1717 2179; x_wconf 91' lang='lat' dir='ltr'>quod</span> <span class='ocrx_word' id='word_1_118' title='bbox 1779 2119 1966 2165; x_wconf 89' lang='lat' dir='ltr'>nemo</span> <span class='ocrx_word' id='word_1_119' title='bbox 2036 2097 2241 2168; x_wconf 86' lang='lat' dir='ltr'>adhuc</span> <span class='ocrx_word' id='word_1_120' title='bbox 2311 2122 2474 2168; x_wconf 91' lang='lat' dir='ltr'>unus</span> <span class='ocrx_word' id='word_1_121' title='bbox 2533 2097 2599 2167; x_wconf 92' lang='lat' dir='ltr'>in</span> 
     </span>
     <span class='ocr_line' id='line_1_17' title="bbox 403 2197 2096 2308; baseline -0.004 -17"><span class='ocrx_word' id='word_1_122' title='bbox 403 2197 933 2308; x_wconf 79' lang='lat' dir='ltr'>disceptationem</span> <span class='ocrx_word' id='word_1_123' title='bbox 981 2222 1550 2305; x_wconf 86' lang='lat' dir='ltr'>quaestionemque</span> <span class='ocrx_word' id='word_1_124' title='bbox 1600 2239 1707 2287; x_wconf 90' lang='lat' dir='ltr'>eas</span> <span class='ocrx_word' id='word_1_125' title='bbox 1753 2221 2096 2285; x_wconf 89' lang='lat' dir='ltr'>vocaverit.</span> 
     </span>
    </p>

    <p class='ocr_par' dir='ltr' id='par_1_4' title="bbox 393 2340 2604 3152">
     <span class='ocr_line' id='line_1_18' title="bbox 566 2340 2598 2421; baseline -0.003 -10"><span class='ocrx_word' id='word_1_126' title='bbox 566 2347 751 2411; x_wconf 90' lang='lat' dir='ltr'>Unde</span> <span class='ocrx_word' id='word_1_127' title='bbox 780 2345 1113 2409; x_wconf 89' lang='lat' dir='ltr'>consilium</span> <span class='ocrx_word' id='word_1_128' title='bbox 1138 2344 1322 2409; x_wconf 85' lang='lat' dir='ltr'>nobis</span> <span class='ocrx_word' id='word_1_129' title='bbox 1365 2348 1578 2405; x_wconf 90' lang='lat' dir='ltr'>ortum</span> <span class='ocrx_word' id='word_1_130' title='bbox 1611 2347 1706 2405; x_wconf 88' lang='lat' dir='ltr'>est</span> <span class='ocrx_word' id='word_1_131' title='bbox 1742 2341 2182 2421; x_wconf 88' lang='lat' dir='ltr'>quaestionem</span> <span class='ocrx_word' id='word_1_132' title='bbox 2224 2340 2598 2405; x_wconf 88' lang='lat' dir='ltr'>instituendi</span> 
     </span>
     <span class='ocr_line' id='line_1_19' title="bbox 398 2461 2598 2546; baseline -0.001 -17"><span class='ocrx_word' id='word_1_133' title='bbox 398 2465 476 2529; x_wconf 90' lang='lat' dir='ltr'>de</span> <span class='ocrx_word' id='word_1_134' title='bbox 523 2467 861 2531; x_wconf 88' lang='lat' dir='ltr'>verborum</span> <span class='ocrx_word' id='word_1_135' title='bbox 926 2465 1172 2546; x_wconf 91' lang='lat' dir='ltr'>aliquot</span> <span class='ocrx_word' id='word_1_136' title='bbox 1239 2461 1874 2543; x_wconf 79' lang='lat' dir='ltr'>transpositionibuS,</span> <span class='ocrx_word' id='word_1_137' title='bbox 1950 2469 2021 2526; x_wconf 87' lang='lat' dir='ltr'>ut</span> <span class='ocrx_word' id='word_1_138' title='bbox 2082 2464 2134 2528; x_wconf 90' lang='lat' dir='ltr'>si</span> <span class='ocrx_word' id='word_1_139' title='bbox 2181 2462 2357 2529; x_wconf 74' lang='lat' dir='ltr'>mihil</span> <span class='ocrx_word' id='word_1_140' title='bbox 2405 2462 2598 2542; x_wconf 84' lang='lat' dir='ltr'>aliud,</span> 
     </span>
     <span class='ocr_line' id='line_1_20' title="bbox 393 2584 2598 2667; baseline -0 -18"><span class='ocrx_word' id='word_1_141' title='bbox 393 2586 517 2650; x_wconf 92' lang='lat' dir='ltr'>hoc</span> <span class='ocrx_word' id='word_1_142' title='bbox 565 2585 790 2650; x_wconf 87' lang='lat' dir='ltr'>saltem</span> <span class='ocrx_word' id='word_1_143' title='bbox 838 2586 1362 2667; x_wconf 86' lang='lat' dir='ltr'>adsequeremur,</span> <span class='ocrx_word' id='word_1_144' title='bbox 1430 2590 1500 2647; x_wconf 89' lang='lat' dir='ltr'>ut</span> <span class='ocrx_word' id='word_1_145' title='bbox 1558 2584 1997 2650; x_wconf 88' lang='lat' dir='ltr'>demonstrata</span> <span class='ocrx_word' id='word_1_146' title='bbox 2043 2585 2170 2649; x_wconf 88' lang='lat' dir='ltr'>alia</span> <span class='ocrx_word' id='word_1_147' title='bbox 2217 2585 2598 2649; x_wconf 87' lang='lat' dir='ltr'>emendandi</span> 
     </span>
     <span class='ocr_line' id='line_1_21' title="bbox 396 2704 2594 2786; baseline -0.002 -15"><span class='ocrx_word' id='word_1_148' title='bbox 396 2708 647 2771; x_wconf 88' lang='lat' dir='ltr'>ratione</span> <span class='ocrx_word' id='word_1_149' title='bbox 692 2708 773 2770; x_wconf 89' lang='lat' dir='ltr'>ad</span> <span class='ocrx_word' id='word_1_150' title='bbox 812 2706 1109 2772; x_wconf 86' lang='lat' dir='ltr'>Cornifici</span> <span class='ocrx_word' id='word_1_151' title='bbox 1153 2707 1351 2770; x_wconf 90' lang='lat' dir='ltr'>libros</span> <span class='ocrx_word' id='word_1_152' title='bbox 1395 2704 2019 2785; x_wconf 87' lang='lat' dir='ltr'>peraccommodata,</span> <span class='ocrx_word' id='word_1_153' title='bbox 2069 2711 2377 2786; x_wconf 88' lang='lat' dir='ltr'>quantum</span> <span class='ocrx_word' id='word_1_154' title='bbox 2425 2712 2594 2770; x_wconf 89' lang='lat' dir='ltr'>esset</span> 
     </span>
     <span class='ocr_line' id='line_1_22' title="bbox 398 2826 2596 2909; baseline -0 -18"><span class='ocrx_word' id='word_1_155' title='bbox 398 2828 463 2891; x_wconf 93' lang='lat' dir='ltr'>in</span> <span class='ocrx_word' id='word_1_156' title='bbox 487 2828 689 2907; x_wconf 76' lang='lat' dir='ltr'>nobiS,</span> <span class='ocrx_word' id='word_1_157' title='bbox 740 2827 1251 2891; x_wconf 90' lang='lat' dir='ltr'>dissuaderemus</span> <span class='ocrx_word' id='word_1_158' title='bbox 1298 2826 1377 2889; x_wconf 91' lang='lat' dir='ltr'>ab</span> <span class='ocrx_word' id='word_1_159' title='bbox 1421 2826 1531 2889; x_wconf 88' lang='lat' dir='ltr'>illa</span> <span class='ocrx_word' id='word_1_160' title='bbox 1574 2826 1679 2889; x_wconf 88' lang='lat' dir='ltr'>via</span> <span class='ocrx_word' id='word_1_161' title='bbox 1716 2832 1960 2891; x_wconf 91' lang='lat' dir='ltr'>temere</span> <span class='ocrx_word' id='word_1_162' title='bbox 1992 2826 2364 2907; x_wconf 87' lang='lat' dir='ltr'>insistenda,</span> <span class='ocrx_word' id='word_1_163' title='bbox 2414 2845 2596 2909; x_wconf 87' lang='lat' dir='ltr'>quae,</span> 
     </span>
     <span class='ocr_line' id='line_1_23' title="bbox 402 2946 2604 3029; baseline 0.001 -18"><span class='ocrx_word' id='word_1_164' title='bbox 402 2948 687 3029; x_wconf 90' lang='lat' dir='ltr'>quamvis</span> <span class='ocrx_word' id='word_1_165' title='bbox 733 2947 1051 3012; x_wconf 87' lang='lat' dir='ltr'>viatorum</span> <span class='ocrx_word' id='word_1_166' title='bbox 1097 2948 1366 3029; x_wconf 90' lang='lat' dir='ltr'>pedibus</span> <span class='ocrx_word' id='word_1_167' title='bbox 1437 2946 1630 3026; x_wconf 89' lang='lat' dir='ltr'>trita,</span> <span class='ocrx_word' id='word_1_168' title='bbox 1698 2967 1826 3011; x_wconf 91' lang='lat' dir='ltr'>non</span> <span class='ocrx_word' id='word_1_169' title='bbox 1885 2951 2206 3015; x_wconf 89' lang='lat' dir='ltr'>neminem</span> <span class='ocrx_word' id='word_1_170' title='bbox 2252 2958 2467 3015; x_wconf 90' lang='lat' dir='ltr'>tamen</span> <span class='ocrx_word' id='word_1_171' title='bbox 2510 2949 2604 3013; x_wconf 88' lang='lat' dir='ltr'>in-</span> 
     </span>
     <span class='ocr_line' id='line_1_24' title="bbox 404 3068 1964 3152; baseline 0.001 -21"><span class='ocrx_word' id='word_1_172' title='bbox 404 3068 670 3151; x_wconf 86' lang='lat' dir='ltr'>provide</span> <span class='ocrx_word' id='word_1_173' title='bbox 715 3068 1180 3149; x_wconf 84' lang='lat' dir='ltr'>ingredientem</span> <span class='ocrx_word' id='word_1_174' title='bbox 1225 3074 1662 3135; x_wconf 88' lang='lat' dir='ltr'>transversum</span> <span class='ocrx_word' id='word_1_175' title='bbox 1711 3072 1964 3152; x_wconf 83' lang='lat' dir='ltr'>egisset.</span> 
     </span>
    </p>

    <p class='ocr_par' dir='ltr' id='par_1_5' title="bbox 405 3185 2606 3856">
     <span class='ocr_line' id='line_1_25' title="bbox 574 3185 2606 3270; baseline 0.001 -20"><span class='ocrx_word' id='word_1_176' title='bbox 574 3187 1038 3264; x_wconf 82' lang='lat' dir='ltr'>Quaerentibus</span> <span class='ocrx_word' id='word_1_177' title='bbox 1086 3195 1297 3253; x_wconf 87' lang='lat' dir='ltr'>autem</span> <span class='ocrx_word' id='word_1_178' title='bbox 1343 3188 1548 3268; x_wconf 88' lang='lat' dir='ltr'>nobis,</span> <span class='ocrx_word' id='word_1_179' title='bbox 1609 3190 1777 3255; x_wconf 91' lang='lat' dir='ltr'>unde</span> <span class='ocrx_word' id='word_1_180' title='bbox 1843 3185 2171 3270; x_wconf 86' lang='lat' dir='ltr'>profectae</span> <span class='ocrx_word' id='word_1_181' title='bbox 2229 3207 2370 3253; x_wconf 88' lang='lat' dir='ltr'>esse</span> <span class='ocrx_word' id='word_1_182' title='bbox 2430 3190 2606 3253; x_wconf 90' lang='lat' dir='ltr'>vide-</span> 
     </span>
     <span class='ocr_line' id='line_1_26' title="bbox 405 3310 2605 3391; baseline 0 -18"><span class='ocrx_word' id='word_1_183' title='bbox 405 3316 593 3374; x_wconf 88' lang='lat' dir='ltr'>antur</span> <span class='ocrx_word' id='word_1_184' title='bbox 668 3310 816 3373; x_wconf 90' lang='lat' dir='ltr'>illae</span> <span class='ocrx_word' id='word_1_185' title='bbox 882 3310 949 3373; x_wconf 92' lang='lat' dir='ltr'>in</span> <span class='ocrx_word' id='word_1_186' title='bbox 1016 3310 1196 3374; x_wconf 88' lang='lat' dir='ltr'>libris</span> <span class='ocrx_word' id='word_1_187' title='bbox 1256 3311 1828 3391; x_wconf 85' lang='lat' dir='ltr'>transpositiones,</span> <span class='ocrx_word' id='word_1_188' title='bbox 1898 3316 1969 3374; x_wconf 89' lang='lat' dir='ltr'>ut</span> <span class='ocrx_word' id='word_1_189' title='bbox 2035 3310 2605 3389; x_wconf 88' lang='lat' dir='ltr'>interpolationum</span> 
     </span>
     <span class='ocr_line' id='line_1_27' title="bbox 408 3427 2602 3512; baseline 0 -16"><span class='ocrx_word' id='word_1_190' title='bbox 408 3451 637 3512; x_wconf 90' lang='lat' dir='ltr'>supra,</span> <span class='ocrx_word' id='word_1_191' title='bbox 687 3430 777 3495; x_wconf 89' lang='lat' dir='ltr'>sic</span> <span class='ocrx_word' id='word_1_192' title='bbox 840 3448 1056 3494; x_wconf 87' lang='lat' dir='ltr'>earum</span> <span class='ocrx_word' id='word_1_193' title='bbox 1102 3429 1385 3510; x_wconf 89' lang='lat' dir='ltr'>ipsarum</span> <span class='ocrx_word' id='word_1_194' title='bbox 1446 3430 1680 3511; x_wconf 85' lang='lat' dir='ltr'>duplex</span> <span class='ocrx_word' id='word_1_195' title='bbox 1723 3427 2126 3512; x_wconf 87' lang='lat' dir='ltr'>potissimum</span> <span class='ocrx_word' id='word_1_196' title='bbox 2175 3450 2371 3512; x_wconf 84' lang='lat' dir='ltr'>genus</span> <span class='ocrx_word' id='word_1_197' title='bbox 2418 3434 2602 3498; x_wconf 89' lang='lat' dir='ltr'>nobis</span> 
     </span>
     <span class='ocr_line' id='line_1_28' title="bbox 411 3549 2605 3631; baseline 0.001 -16"><span class='ocrx_word' id='word_1_198' title='bbox 411 3550 533 3615; x_wconf 85' lang='lat' dir='ltr'>erit</span> <span class='ocrx_word' id='word_1_199' title='bbox 580 3549 1121 3629; x_wconf 84' lang='lat' dir='ltr'>distinguendum:</span> <span class='ocrx_word' id='word_1_200' title='bbox 1185 3569 1379 3613; x_wconf 87' lang='lat' dir='ltr'>unum</span> <span class='ocrx_word' id='word_1_201' title='bbox 1429 3569 1674 3629; x_wconf 87' lang='lat' dir='ltr'>earum,</span> <span class='ocrx_word' id='word_1_202' title='bbox 1739 3569 1902 3631; x_wconf 89' lang='lat' dir='ltr'>quae</span> <span class='ocrx_word' id='word_1_203' title='bbox 1950 3571 2026 3616; x_wconf 90' lang='lat' dir='ltr'>ex</span> <span class='ocrx_word' id='word_1_204' title='bbox 2066 3550 2605 3619; x_wconf 89' lang='lat' dir='ltr'>homoeoteleutis</span> 
     </span>
     <span class='ocr_line' id='line_1_29' title="bbox 410 3657 2605 3752; baseline 0 -15"><span class='ocrx_word' id='word_1_205' title='bbox 410 3679 599 3737; x_wconf 88' lang='lat' dir='ltr'>natae</span> <span class='ocrx_word' id='word_1_206' title='bbox 647 3672 804 3750; x_wconf 90' lang='lat' dir='ltr'>sint,</span> <span class='ocrx_word' id='word_1_207' title='bbox 876 3671 1146 3740; x_wconf 88' lang='lat' dir='ltr'>alterum</span> <span class='ocrx_word' id='word_1_208' title='bbox 1194 3657 1445 3751; x_wconf 81' lang='lat' dir='ltr'>earum,</span> <span class='ocrx_word' id='word_1_209' title='bbox 1514 3688 1782 3752; x_wconf 90' lang='lat' dir='ltr'>quarum</span> <span class='ocrx_word' id='word_1_210' title='bbox 1829 3669 1894 3732; x_wconf 93' lang='lat' dir='ltr'>in</span> <span class='ocrx_word' id='word_1_211' title='bbox 1941 3670 2150 3735; x_wconf 88' lang='lat' dir='ltr'>causis</span> <span class='ocrx_word' id='word_1_212' title='bbox 2195 3670 2431 3736; x_wconf 89' lang='lat' dir='ltr'>fuerint</span> <span class='ocrx_word' id='word_1_213' title='bbox 2478 3673 2605 3737; x_wconf 83' lang='lat' dir='ltr'>Cic.</span> 
     </span>
     <span class='ocr_line' id='line_1_30' title="bbox 416 3790 875 3856; baseline -0.007 0"><span class='ocrx_word' id='word_1_214' title='bbox 416 3793 493 3856; x_wconf 91' lang='lat' dir='ltr'>de</span> <span class='ocrx_word' id='word_1_215' title='bbox 538 3792 661 3855; x_wconf 90' lang='lat' dir='ltr'>inv.</span> <span class='ocrx_word' id='word_1_216' title='bbox 710 3790 875 3855; x_wconf 88' lang='lat' dir='ltr'>libri.</span> 
     </span>
    </p>

    <p class='ocr_par' dir='ltr' id='par_1_6' title="bbox 418 3910 2614 4113">
     <span class='ocr_line' id='line_1_31' title="bbox 583 3910 2612 3992; baseline -0.001 -17"><span class='ocrx_word' id='word_1_217' title='bbox 583 3912 669 3975; x_wconf 90' lang='lat' dir='ltr'>Et</span> <span class='ocrx_word' id='word_1_218' title='bbox 713 3910 872 3973; x_wconf 92' lang='lat' dir='ltr'>illud</span> <span class='ocrx_word' id='word_1_219' title='bbox 919 3910 1173 3992; x_wconf 87' lang='lat' dir='ltr'>quidem</span> <span class='ocrx_word' id='word_1_220' title='bbox 1236 3910 1804 3991; x_wconf 88' lang='lat' dir='ltr'>transpositionum</span> <span class='ocrx_word' id='word_1_221' title='bbox 1865 3929 2095 3991; x_wconf 85' lang='lat' dir='ltr'>genus,</span> <span class='ocrx_word' id='word_1_222' title='bbox 2167 3910 2339 3991; x_wconf 91' lang='lat' dir='ltr'>quod</span> <span class='ocrx_word' id='word_1_223' title='bbox 2403 3916 2612 3973; x_wconf 87' lang='lat' dir='ltr'>ortum</span> 
     </span>
     <span class='ocr_line' id='line_1_32' title="bbox 418 4029 2614 4113; baseline -0.001 -16"><span class='ocrx_word' id='word_1_224' title='bbox 418 4050 557 4097; x_wconf 86' lang='lat' dir='ltr'>esse</span> <span class='ocrx_word' id='word_1_225' title='bbox 605 4030 874 4095; x_wconf 84' lang='lat' dir='ltr'>diximus</span> <span class='ocrx_word' id='word_1_226' title='bbox 921 4049 997 4095; x_wconf 90' lang='lat' dir='ltr'>ex</span> <span class='ocrx_word' id='word_1_227' title='bbox 1040 4029 1596 4109; x_wconf 78' lang='lat' dir='ltr'>homoeoteleutiS,</span> <span class='ocrx_word' id='word_1_228' title='bbox 1642 4030 1930 4112; x_wconf 88' lang='lat' dir='ltr'>pluribus</span> <span class='ocrx_word' id='word_1_229' title='bbox 1965 4029 2176 4095; x_wconf 89' lang='lat' dir='ltr'>verbis</span> <span class='ocrx_word' id='word_1_230' title='bbox 2224 4030 2375 4113; x_wconf 89' lang='lat' dir='ltr'>quin</span> <span class='ocrx_word' id='word_1_231' title='bbox 2421 4029 2614 4095; x_wconf 89' lang='lat' dir='ltr'>etiam</span> 
     </span>
    </p>
   </div>
   <div class='ocr_carea' id='block_1_3' title="bbox 3052 9 3058 1736">
    <p class='ocr_par' dir='ltr' id='par_1_7' title="bbox 3052 9 3058 1736">
     <span class='ocr_line' id='line_1_33' title="bbox 3052 9 3058 1736; baseline 0 0"><span class='ocrx_word' id='word_1_232' title='bbox 3052 9 3058 1736; x_wconf 95' lang='lat' dir='ltr'> </span> 
     </span>
    </p>
   </div>
  </div>
 </body>
</html>
