3067 4525
2505 263 2603 336 39

402 494 594 541 causa
641 472 917 539 occurrit
964 471 1179 553 aliqua
1225 489 1301 534 ex
1346 469 1529 548 parte
1576 464 1711 531 veri
1761 465 2016 548 similis,
2081 465 2202 533 nisi
2265 469 2343 533 ab
2411 465 2607 533 inter-

348 669 353 679 ,
404 604 589 678 prete
636 595 848 675 aliquo
895 592 1058 657 hanc
1104 591 1323 685 legem
1359 589 1441 654 ad
1483 586 1770 651 Malleoli
1815 587 1982 653 infra
2035 607 2290 654 causam
2337 590 2403 654 in
2440 609 2607 656 mar-

402 715 548 795 gine
595 714 985 793 adscriptam
1031 712 1262 790 fuisse,
1322 708 1570 776 librarii
1617 707 1848 774 deinde
1897 728 2008 774 seu
2054 709 2446 790 negligentia
2493 729 2606 776 seu

404 834 828 915 perversitate
874 831 1083 894 alieno
1131 829 1273 894 loco
1320 829 1385 892 in
1430 832 1675 892 textum
1722 846 1864 900 esse
1910 835 2254 908 receptam.
2320 829 2464 893 Non
2509 848 2608 894 re-

403 955 721 1036 pugnabO,
771 951 1109 1033 quominus
1153 949 1218 1012 in
1262 949 1424 1012 hanc
1474 949 2032 1029 eas-sententiam.
2119 949 2436 1030 Equidem
2480 967 2610 1012 non

404 1074 705 1151 adducor,
751 1089 960 1152 neque
984 1076 1054 1134 ut
1102 1089 1243 1134 cum
1274 1067 1724 1146 SchuetziO,
1771 1069 2157 1150 KayserO,
2207 1068 2348 1134 aliis
2383 1069 2606 1134 exstir-

404 1179 681 1272 pandam
725 1209 933 1272 neque
978 1196 1051 1254 ut
1083 1209 1224 1254 cum
1247 1188 1570 1252 Klotzio
1617 1188 2017 1253 retinendam
2067 1209 2207 1255 esse
2256 1189 2611 1253 existimem

405 1330 544 1374 eam
610 1309 855 1390 legem,
932 1331 1057 1391 quo
1124 1316 1221 1374 est
1287 1310 1429 1374 loco
1494 1310 1560 1373 in
1621 1308 1802 1372 libris
1865 1307 2120 1370 tradita.
2213 1309 2608 1388 Reputaram

400 1432 574 1498 enim
622 1450 761 1495 cum
808 1432 1039 1510 ani1n0,
1088 1449 1299 1494 nonne
1348 1435 1412 1493 et
1457 1428 1606 1493 huic
1650 1427 1792 1491 loco
1840 1426 2158 1491 medicina
2203 1427 2418 1509 parari
2464 1447 2612 1508 pos-

405 1557 501 1614 set
547 1551 887 1615 verborum
932 1550 1471 1632 transpositione,
1540 1555 1604 1612 et
1671 1546 2024 1628 periculum
2084 1545 2345 1612 facienti
2390 1566 2470 1610 ne
2516 1552 2612 1610 te·-

398 1671 706 1736 nuissima
753 1673 1011 1751 quidem
1056 1670 1363 1737 remansit
1410 1667 1745 1748 dubitatio,
1795 1669 1948 1749 quin
1989 1669 2056 1733 in
2100 1667 2266 1730 hunc
2313 1665 2603 1729 ordinem

400 1791 577 1870 leges
624 1798 839 1854 essent
890 1790 1337 1854 adducendae:

616 1915 861 1984 ‘LEX.·
940 1920 1005 1984 si
1061 1914 1373 1998 furiosus
1436 1919 1714 2001 miscet,
1791 1916 2161 2001 aequatum
2236 1913 2614 2000 qeutilium-

344 2039 532 2130 ,que
630 2048 699 2112 iu
790 2064 867 2113 eo
939 2048 1367 2131 pecuniaque
1460 2048 1605 2112 eius
1694 2050 2006 2131 potestas
2095 2040 2343 2110 ESTO.
2451 2036 2619 2129 [ET

401 2174 585 2240 LEX
598 2196 625 2239 .·
709 2172 1225 2260 paterfamilias
1297 2174 1401 2239 uti
1462 2191 1669 2258 super
1732 2170 2004 2254 familia
2053 2171 2430 2256 pecuniave
2483 2186 2614 2236 sua

400 2304 761 2389 leqaverit,
832 2306 933 2370 ila
978 2305 1084 2369 ius
1162 2300 1409 2369 ESTO.
1516 2301 1637 2369 ET
1686 2301 1906 2368 LEX:
1979 2302 2043 2367 si
2099 2297 2612 2385 paterfamilias

400 2434 761 2496 intestatus
829 2433 1151 2513 moritur,
1233 2429 1502 2512 familia
1551 2432 1976 2516 pecuniaque
2044 2429 2201 2494 eius·
2243 2427 2613 2513 adqnatum

402 2556 879 2640 qentiliumque
962 2550 1264 2642 ESTO.]
1383 2555 1505 2622 ET
1567 2555 1788 2622 LEX:
1881 2557 1999 2640 qui
2053 2560 2410 2639 parentem
2481 2571 2610 2619 ue-

403 2668 601 2750 easse
694 2683 1045 2774 iudicatus,
1126 2685 1287 2763 eric,
1376 2689 1450 2750 ul
1523 2686 1586 2750 is
1667 2683 2022 2750 obvolutus
2103 2686 2168 2748 el
2263 2680 2607 2769 obliquius

404 2815 593 2879 corio
651 2810 1021 2879 devehatur
1075 2813 1145 2878 in
1189 2810 1683 2897 profluentem<
1709 2804 1744 2841 '¹‘

576 2982 775 3059 Quem
833 2981 1175 3045 verborum
1246 2981 1535 3045 ordinem
1596 2988 1667 3046 ut
1732 3000 1952 3046 verum
2015 2981 2346 3062 scriptoris
2409 2981 2608 3047 fuisse

406 3102 559 3166 mihi
606 3101 1048 3183 persuadeam,
1097 3099 1269 3165 haud
1314 3121 1519 3182 pauca
1564 3122 1664 3197 me
1714 3100 2119 3182 compellunt.
2205 3101 2291 3165 Et
2337 3103 2610 3183 primum

409 3222 699 3302 quidem,
771 3238 961 3300 quam
1026 3222 1234 3301 legem
1288 3220 1463 3286 nulla
1508 3242 1772 3303 prorsus
1833 3222 2143 3287 societate
2190 3240 2331 3286 cum
2379 3222 2610 3286 ceteris

408 3340 575 3404 inter
622 3359 689 3405 se
736 3340 1047 3406 similibus
1096 3342 1499 3407 coniunctam
1546 3341 1819 3407 vidimus
1864 3340 2080 3421 fuisse,
2129 3359 2270 3405 eam
2314 3342 2382 3405 in
2429 3360 2611 3406 suum

404 3457 531 3521 iam
576 3457 787 3520 locum
832 3460 1215 3539 restitutam,
1263 3461 1673 3542 perspicuum
1721 3467 1854 3540 est,
1923 3460 2162 3540 optime
2207 3459 2384 3541 leges
2431 3468 2609 3525 ante-

406 3578 709 3641 cedentes
754 3574 1038 3640 Malleoli
1088 3596 1337 3659 causae,
1388 3598 1552 3661 quae
1597 3579 1764 3643 infra
1811 3585 2144 3659 tractatur,
2195 3579 2424 3659 cuique
2468 3579 2611 3660 ipsa

404 3702 500 3761 est
563 3694 862 3775 finitima,
899 3677 901 3679 ’
934 3694 1281 3776 adiungere
1330 3705 1544 3779 atque
1623 3700 1984 3763 adnectere.
2075 3696 2342 3762 Accedit
2416 3699 2606 3778 quod,

400 3816 722 3895 quomodo
778 3813 949 3879 facta
1011 3815 1093 3879 sit
1154 3816 1365 3897 legum
1428 3817 1540 3880 illa
1600 3817 1664 3880 in
1722 3816 1902 3881 libris
1947 3815 2369 3897 perturbatiO,
2417 3815 2598 3880 facil-

398 3936 619 4001 limum
692 3941 788 4001 est
853 3933 1201 3999 intellectu.
1294 3935 1410 4001 Cui
1486 3937 1654 4002 enim
1717 3936 1818 4002 vel
1897 3936 2107 4001 obiter
2178 3934 2388 3999 locum
2457 3954 2604 4015 per-

400 4056 698 4141 lustranti
742 4074 872 4125 non
915 4054 1237 4121 videbitur
1281 4055 1566 4122 notabile
1610 4056 1918 4137 primam,
1983 4054 2286 4133 alteram,
2348 4052 2605 4118 tertiam
