3067 4525
2489 187 2588 302 15-

394 391 425 460 1
458 393 559 480 (μ)
588 390 821 460 codicis
842 390 1114 476 margini
1140 392 1533 478 adscriptum
1561 401 1658 461 est
1683 391 1888 459 altera
1910 412 2118 474 manu,
2157 392 2330 459 docti
2353 393 2584 474 opinor

394 516 655 581 alicuius
719 517 837 582 viri
898 522 961 581 et
1022 516 1226 597 ipsius
1285 516 1346 580 h.
1393 519 1433 582 1.
1481 515 1825 586 haerentis.
1917 514 2044 579 Sed
2087 534 2167 579 ne
2212 515 2280 580 id
2324 515 2582 596 quidem

392 637 569 702 nobis
603 637 956 703 satisfaciet
988 637 1562 717 considerantibus,
1593 636 2059 718 turpitudinem
2104 635 2348 702 duabus
2381 636 2582 717 potis-

308 814 319 824 .
388 757 613 820 simum
639 757 719 822 de
745 759 955 823 causis
974 755 1167 845 posse
1183 755 1519 838 proficisci.
1567 755 2005 820 Proficiscitur
2031 755 2217 836 enim,
2264 761 2334 818 ut
2365 763 2583 820 aucto-

386 893 490 941 res
538 883 686 941 sunt
732 884 985 942 veteres
1024 879 1179 942 artis
1226 877 1590 957 scriptores,
1640 882 1750 940 aut
1797 875 1876 940 ab
1918 871 2178 939 homine
2222 881 2332 938 aut
2368 876 2448 940 ab
2494 894 2582 940 re.

386 997 527 1074 Qua
593 999 662 1061 in
724 991 995 1077 utraque
1028 993 1251 1062 'causa
1311 996 1463 1078 quid
1521 994 1890 1060 faciundum
1954 1013 2164 1076 quove
2223 994 2587 1076 confugien-

390 1117 545 1179 dum
592 1122 764 1180 esset
808 1117 1079 1198 oratori,
1146 1117 1281 1181 veri
1350 1121 1447 1180 est
1506 1115 1712 1180 simile
1768 1114 2114 1181 tradidisse
2159 1115 2584 1181 Cornificium.

394 1233 616 1318 (Velut
660 1237 964 1317 scriptum
1027 1244 1123 1302 est
1168 1237 1339 1320 apud
1385 1237 1759 1302 Ciceronem
1818 1237 1896 1301 de
1953 1237 2077 1301 inv.
2125 1237 2175 1317 I,
2225 1235 2326 1317 17,
2375 1236 2458 1302 24
2501 1237 2586 1300 in.

400 1362 497 1430 ‘Sc‘
544 1382 801 1431 causae
855 1349 1205 1451 turpitudo
1259 1369 1616 1433 contraxit
1667 1365 2116 1449 offensionem,
2176 1371 2298 1432 auc
2333 1383 2470 1451 pro
2509 1384 2587 1432 eo

388 1491 665 1577 homine,
721 1495 792 1559 in
828 1509 961 1578 quo
999 1490 1381 1577 offenditur,
1442 1493 1654 1562 alium
1695 1493 2042 1595 hominem,
2101 1496 2220 1579 qui
2261 1493 2584 1580 diliqitur,

384 1621 733 1706 interponi
769 1626 1087 1707 oportec;
1139 1627 1261 1702 auc
1304 1640 1441 1708 pro
1474 1641 1570 1704 re,
1627 1625 1698 1690 in
1753 1643 1890 1708 qua
1944 1623 2326 1706 offenditur,
2383 1623 2590 1690 allam

388 1726 557 1833 rem,
629 1769 805 1834 quae
858 1750 1245 1834 probatum·
1332 1755 1477 1816 auc
1542 1769 1702 1835 pro
1773 1748 1859 1817 re
1929 1751 2360 1835 hominem,
2444 1757 2591 1818 aut

386 1893 547 1960 pro
604 1875 938 1942 homine
992 1895 1189 1959 rem,
1247 1881 1321 1943 ut
1374 1877 1461 1942 ab
1518 1895 1618 1960 eo,
1675 1879 1858 1964 quod
1900 1879 2073 1963 odit,
2131 1881 2225 1946 ad
2267 1881 2354 1964 id,
2413 1881 2595 1964 quod

395 2001 631 2088 diliqit,
691 2004 1030 2072 audiloris
1085 2008 1349 2072 animus
1411 2005 1864 2074 traducatur<
1972 2008 2134 2071 Item
2171 2008 2340 2088 apud
2379 1997 2588 2084 Quint.

392 2121 534 2184 inst.
603 2141 691 2185 or.
760 2121 866 2204 IV,
918 2124 973 2203 i,
1023 2123 1107 2188 44
1151 2130 1299 2204 post
1342 2125 1424 2188 in.
1545 2123 1745 2194 ‘Illud
1804 2129 1874 2192 in
1933 2131 2322 2220 mn‘versnm
2366 2148 2591 2213 prae-

386 2253 693 2336 ceperim,
726 2256 829 2339 ,ut
870 2251 957 2319 ab
1006 2255 1111 2337 iix,
1170 2272 1345 2339 quae
1384 2237 1684 2337 laedunt,
1744 2257 1840 2323 ad
1889 2276 1991 2343 ea,
2051 2276 2225 2343 quae
2272 2266 2587 2344 prosunt,

380 2380 854 2465 refuqianms;
948 2384 1028 2447 si
1111 2400 1387 2449 causa
1482 2384 2116 2470 laborabimus,
2204 2407 2590 2473 persona

392 2501 877 2588 subveniat,
931 2510 1003 2573 si
1048 2480 1456 2595 persona,
1530 2512 1823 2600 causa‘.)
1849 2506 1917 2601 ³⁸)
2003 2516 2112 2580 Sin
2161 2517 2316 2581 illud
2361 2518 2586 2599 minuS,

395 2621 621 2687 melius
666 2621 956 2704 profecto
1006 2631 1143 2689 erat
1170 2633 1506 2710 utrumque
1535 2629 2053 2713 praetermittere
2089 2655 2280 2716 quam
2317 2637 2590 2703 alterum

397 2741 717 2825 omittere,
768 2745 937 2824 quod
983 2746 1187 2811 solum
1217 2749 1422 2814 omitti
1454 2770 1583 2817 non
1619 2755 1870 2835 debeat,
1920 2762 1983 2819 et
2009 2754 2238 2820 afferre
2285 2756 2370 2837 id,
2420 2761 2592 2837 quod

398 2880 592 2957 unum
635 2863 789 2929 ferri
850 2874 1145 2948 nequeat.
1237 2870 1401 2947 Quid
1456 2876 1705 2939 multa?
1799 2876 2026 2940 Nonne
2088 2879 2342 2959 egregie
2406 2880 2590 2946 nobis

394 2984 775 3049 subveniunt
829 2986 953 3068 ipsi
1011 2989 1157 3055 libri
1216 3012 1407 3058 manu
1466 2998 1742 3079 scripti?
1828 2999 2086 3065 Habent
2149 3020 2299 3065 sane
2348 3001 2591 3084 aliquot

390 3106 642 3173 codices
678 3108 851 3172 haud
889 3113 1285 3191 spernendae
1331 3118 1734 3183 auctoritatis
1780 3122 1976 3185 verba
2034 3120 2396 3207 (hominem,
2454 3144 2590 3195 non

389 3245 548 3310 rein,
590 3233 712 3296 aut
740 3248 903 3314 rem,
957 3250 1091 3299 non
1120 3232 1490 3319 hominem‘,
1550 3258 1714 3320 quae
1748 3259 1998 3305 omnem
2025 3262 2290 3322 prorsus
2317 3243 2589 3311 difficul-

394 3352 593 3411 tatem
636 3368 935 3415 amovere
980 3352 1335 3417 videantur.
1420 3356 1547 3420 Sed
1593 3358 1751 3422 haec
1797 3360 2008 3442 lecti0,
2048 3360 2183 3442 'quo
2235 3369 2331 3429 est
2376 3384 2590 3432 rerum

396 3484 470 3529 ac
512 3470 847 3535 verborum
897 3474 1220 3536 contextui
1284 3480 1856 3561 accommodatior,
1925 3500 2000 3545 eo
2063 3483 2372 3547 maiorem
2433 3504 2588 3564 prae

560 3761 613 3831 *J
651 3761 799 3827 Quae
836 3780 904 3817 ex
942 3764 1055 3820 Cic.
1095 3764 1163 3819 de
1203 3764 1313 3819 inv.
1352 3758 1506 3814 libris
1543 3758 1812 3821 afferenda
1852 3764 2025 3827 erant,
2063 3760 2117 3815 in
2158 3761 2226 3816 iis
2267 3758 2586 3819 Weidneri·

390 3858 545 3899 unam
581 3847 757 3900 secuti
794 3862 978 3901 sumus
1016 3848 1433 3913 auctoritatem3
1478 3860 1617 3914 quae
1664 3861 1733 3897 ex
1769 3844 2090 3909 Quintiliani
2144 3853 2266 3903 inst.
2306 3861 2388 3901 or.
2427 3848 2587 3907 libris

396 3926 765 3999 laudavimuS,
806 3932 980 3988 Halmi
1019 3933 1277 3987 debemus
1314 3929 1397 3983 ed.
1436 3929 1578 3998 crit,
1617 3944 1774 3998 quum
1811 3929 1864 3983 in
1906 3928 2082 3986 lucem
2121 3932 2216 3987 iiie
2255 3930 2429 3989 edidit
2463 3935 2590 4016 Lip-

396 4012 507 4067 siae
545 4014 1018 4071 moccenxvul.
