3067 4525
442 226 487 297 4

436 428 779 512 praecipue
825 427 1126 496 adhibitis
1190 465 1272 480 -—-
1334 429 1780 516 intempestivo
1840 434 2195 519 explicandi
2264 459 2377 505 seu
2435 434 2632 504 inter-

435 553 732 633 pretandi
800 553 1009 618 studio
1075 554 1294 619 deberi
1371 559 1778 646 perspicuum
1840 566 1970 640 est,
2044 561 2316 625 alterum
2391 581 2629 641 earum,

438 691 595 753 quas
639 679 816 737 recte
864 673 1038 736 dicas
1095 679 1180 737 ex·
1217 673 1543 739 Ciceronis
1607 677 1685 742 (le
1731 679 2095 746 inventione
2141 682 2322 746 libris
2383 681 2449 745 111
2512 680 2629 745 hos

433 795 632 859 libros
681 813 820 860 esse
866 795 1227 875 translatas,
1277 802 1341 860 et
1372 797 1450 860 ab
1481 797 1579 876 iis'‚
1629 799 1736 878 qui
1784 801 2034 883 decepti
2070 822 2291 866 eorum
2319 802 2627 866 librorum

435 915 648 996 aliqua
690 915 858 979 inter
903 935 970 980 se
1011 916 1444 996 similitudine,
1494 935 1656 996 quae
1707 919 1785 982 de
1823 919 2049 984 iisdem
2096 922 2287 986 rebus
2332 920 2627 1001 pleniora
2700 961 2706 968 -

432 1037 722 1119 legerent
795 1037 966 1117 apud
1036 1036 1444 1118 Ciceronem,
1523 1057 1599 1102 ea
1678 1040 1860 1120 quasi
1935 1041 1999 1104 in
2070 1040 2367 1106 Cornifici
2447 1041 2627 1105 libris

437 1159 674 1224 omissa
721 1176 834 1223 suo
882 1157 1022 1221 iure
1066 1157 1410 1222 restituere
1457 1159 1578 1223 sibi
1622 1160 2009 1242 viderentur,
2069 1182 2185 1228 nec
2231 1182 2359 1226 non
2406 1163 2485 1226 ab
2529 1162 2629 1240 iis,

435 1280 542 1360 qui
593 1279 671 1342 de
716 1277 1032 1342 industria
1079 1277 1404 1344 Ciceronis
1461 1282 1657 1345 verba
1713 1282 1778 1345 in
1822 1291 2109 1347 nostram
2168 1292 2373 1348 artem
2436 1283 2629 1348 infer-

429 1408 592 1481 rent,
640 1407 711 1464 ut
758 1419 897 1464 eam
945 1405 1010 1464 et
1051 1400 1258 1481 ipsam
1303 1419 1419 1480 pro
1469 1401 1889 1465 Ciceroniana
1931 1404 2354 1469 venditarent.

605 1521 797 1586 Cuius
844 1520 1176 1600 utriusque
1223 1519 1793 1600 interpolationum
1854 1523 2106 1601 generis
2167 1542 2308 1587 cum
2354 1525 2420 1588 in
2467 1523 2628 1587 anti-

433 1643 753 1726 quissimis
801 1642 909 1722 qui
956 1647 1236 1707 aetatem
1294 1641 1579 1706 tulerunt
1635 1642 1957 1707 codicibus
2017 1642 2292 1723 plurima
2338 1643 2629 1724 exempla

431 1767 857 1845 inveniuntur,
906 1769 1038 1829 tum
1073 1763 1138 1826 in
1170 1763 1635 1828 recentioribus
1669 1763 1849 1828 libris
1886 1783 2077 1828 manu
2114 1765 2367 1847 scriptis
2412 1770 2626 1828 tantus

431 1906 732 1951 numerus
802 1884 1111 1963 occurrit,
1180 1890 1250 1948 ut
1315 1883 1473 1947 nihil
1538 1891 1862 1948 morantes
1921 1884 2208 1948 nonnulli
2266 1883 2387 1948 viri
2456 1882 2629 1946 docti

435 2007 783 2072 eorundem
841 2006 1150 2069 librorum
1211 2004 1484 2068 virtutes
1555 2025 1806 2070 omnem
1850 2026 2112 2087 prorsus
2157 2005 2348 2070 fidem
2392 2006 2473 2070 iis
2519 2007 2627 2070 ab·

432 2126 782 2206 rogandam
831 2143 970 2189 esse
1014 2123 1397 2204 putaverint.
1488 2124 1680 2189 Velut
1724 2123 2167 2206 Halmius*)
2217 2131 2481 2189 conatus
2529 2131 2627 2189 est

434 2248 873 2329 comprobare,
921 2245 1391 2312 subsistendum
1429 2264 1569 2310 esse
1612 2245 1678 2308 in
1710 2245 2133 2309 vetustiorum
2164 2244 2453 2309 codicum
2478 2261 2624 2308 auc-

433 2369 714 2433 toritate.
776 2367 972 2444 Quod·
992 2367 1234 2430 utinam
1273 2364 1679 2429 doctissimus
1716 2364 1812 2428 vir
1849 2365 2138 2438 omnibus
2179 2365 2622 2446 persuasisset.

430 2490 720 2572 Namque
785 2490 956 2573 quod
1025 2486 1646 2570 Spengelius**),
1708 2484 2294 2567 Simonius***)‚
2358 2486 2626 2550 Desti-

429 2610 820 2693 nonius†),
870 2609 978 2675 alii
1024 2606 1414 2689 gravissimis
1461 2606 1852 2686 argumentis
1890 2605 2361 2687 confirmarunt,
2406 2626 2488 2670 ne
2524 2625 2627 2670 re-

431 2732 748 2798 centiores
795 2731 1051 2813 quidem
1098 2729 1350 2795 codices
1398 2728 1571 2791 omni
1618 2727 1872 2792 omnino
1919 2726 2045 2791 fide
2092 2746 2331 2807 carere,
2380 2727 2617 2808 quippe

433 2853 541 2934 qui
586 2852 831 2932 aliquot
876 2849 1034 2915 locis
1080 2849 1190 2913 uni
1226 2850 1649 2915 vetustiorum
1686 2852 1973 2918 codicum
2010 2850 2270 2915 lacunas
2296 2850 2378 2914 ad
2408 2849 2627 2914 arche-

430 2975 564 3057 typi
608 2974 756 3041 libri
800 2972 993 3037 fidem
1037 2972 1205 3037 veris
1245 2972 1481 3038 Cornif.
1530 2976 1742 3041 verbis
1792 2974 2076 3055 expletas
2125 2970 2448 3053 offerrent,
2495 2990 2626 3035 non

431 3095 715 3159 minutae
762 3094 876 3159 sed
922 3100 1147 3158 auctae
1195 3113 1334 3159 esse
1380 3095 1680 3160 videntur
1724 3094 2113 3160 factitandae
2159 3094 2314 3157 artis
2367 3094 2624 3172 criticae

433 3216 861 3281 difficultates.
909 3216 994 3279 Et
1029 3216 1278 3297 accidit,
1326 3222 1400 3280 ut
1443 3216 1508 3281 in
1552 3216 1735 3283 libris
1780 3216 1834 3281 si
1880 3216 1989 3297 qui
2035 3216 2144 3279 alii
2190 3213 2626 3294 turpissimum

428 3336 494 3401 in
538 3336 796 3401 modum
844 3337 1207 3417 depravatis
1252 3357 1331 3402 ne
1381 3340 1460 3403 de
1507 3340 1796 3403 codicum
1845 3339 2101 3419 quidem
2160 3338 2409 3402 ratione
2470 3336 2625 3401 satis

433 3462 828 3539 compertum
872 3456 1238 3539 habeamuS‚
1309 3480 1451 3526 cum
1519 3460 1875 3527 sexcenties
1937 3479 2131 3541 nunc,
2196 3436 2625 3524 recentiorum

640 3751 692 3812 ¹¹⁸)
732 3746 916 3802 Rhein.
953 3744 1088 3801 Mus,
1129 3746 1243 3803 XV.
1286 3767 1338 3822 p.
1376 3755 1473 3805 536
1511 3750 1565 3806 ff.

603 3833 694 3901 ”J
732 3829 922 3887 Rhein.
962 3833 1096 3889 Mus.
1134 3833 1279 3891 XVI.
1318 3854 1372 3907 p.
1409 3840 1504 3892 391
1547 3837 1601 3895 ff.

571 3921 692 3989 ***)
733 3918 829 3972 Die
867 3918 1284 3975 Haudschriften
1323 3924 1422 3977 der
1460 3922 1715 3979 Rhetorik
1754 3941 1821 3979 an
1851 3922 2170 3979 Herennius.
2210 3922 2246 3981 1.
2264 3919 2617 3995 Abtheilung.

435 4002 748 4074 Programm
788 4004 886 4059 der
924 4006 980 4061 k.
1016 4005 1456 4063 Studienanst-alt
1495 4027 1561 4064 zu
1599 4011 1987 4066 schweinfurt.
2065 4012 2213 4065 1863.

567 4091 632 4164 †)
670 4090 746 4145 De
783 4089 1033 4147 codicum
1075 4093 1563 4151 Cornificiauorum
1600 4096 1815 4153 ratione
1851 4098 1893 4152 Ι.
1932 4094 2105 4149 Kiliae
2142 4092 2623 4151 MDCCCLXXIV.
