3067 4525
396 191 490 266 14

388 403 605 470 dinem
632 399 921 488 habebit,
978 399 1295 472 emordiri
1333 399 1724 490 poterimus
1777 395 1884 470 his
1921 393 2346 468 rationibus:
2397 411 2586 480 rem,

384 547 546 597 non
615 530 799 598 loom
814 533 1025 599 inem
1090 537 1401 618 spectari
1448 539 1814 620 oportere,·
1867 551 2004 600 non
2051 531 2335 618 placere
2388 528 2586 596 nobis

382 661 589 745 ipsis,
674 678 849 744 quae
916 659 1115 743 sacta
1188 662 1509 729 dicantur
1581 663 1667 729 ab
1741 662 2211 744 advorsariis,
2299 664 2365 725 et
2440 676 2588 724 esse

384 789 664 874 indiqna
702 765 860 855 ⁴out
924 787 1249 871 nefaria:
1319 791 1559 888 deinde
1631 808 1833 876 quom
1899 790 2013 856 diu
2081 807 2224 855 rem
2293 788 2588 854 auoeeri-

384 935 558 1001 muS,
630 915 847 984 nillil
906 920 1098 984 simi
1115 917 1187 984 te
1254 938 1299 985 a
1364 917 1562 985 nobis
1611 916 1874 1003 sactum
1927 917 2398 998 ostendemus;
2469 919 2592 980 out

386 1047 770 1134 aliquorum
834 1047 1184 1126 iudicium,
1235 1049 1317 1114 de
1392 1048 1598 1115 simili
1662 1064 1880 1113 causa
1943 1050 2088 1112 aut
2157 1045 2248 1111 de
2319 1039 2514 1109 eade
2529 1061 2592 1108 m

386 1180 532 1242 aut
585 1175 677 1242 de
729 1177 1041 1243 minore
1096 1182 1237 1244 aut
1288 1177 1383 1243 de
1425 1178 1749 1243 naaiore
1795 1172 2249 1260 proferemus,
2291 1171 2592 1238 deinde

388 1304 499 1372 ad
558 1278 946 1372 nostram
1012 1323 1355 1372 causam
1416 1305 2019 1391 pedetemptim
2087 1302 2593 1369 accedemus

386 1438 453 1502 et
521 1432 1013 1500 similitudinem
1088 1432 1560 1516 conferemus,·
1643 1437 1766 1499 out
1817 1431 2244 1518 necabimus,
2320 1449 2446 1497 nos
2511 1431 2592 1496 de

388 1561 823 1630 advorsariis
907 1562 1207 1647 aliqua
1289 1581 1374 1630 re
1457 1563 1801 1644 dicturos,
1885 1565 1964 1627 et
2035 1565 2257 1628 tamen
2333 1559 2594 1627 occulte

389 1691 685 1758 dicemus
739 1693 1204 1759 interiectione
1260 1689 1662 1759 verborum(

562 1820 803 1897 Quibus
832 1820 898 1883 in
931 1822 1141 1886 verbis
1168 1821 1525 1905 Kayseru
1545 1820 1652 1904 s*)
1699 1821 2000 1902 religiose
2047 1825 2303 1885 secutus
2337 1823 2433 1882 est
2466 1799 2594 1881 lec-

386 1940 627 2008 tionem
650 1991 664 2020 ,
713 1959 905 2021 quam
951 1942 1261 2021 praebent
1309 1941 1535 2022 optimi
1583 1941 1690 2021 qui
1750 1939 2178 2021 perhibentur,
2225 1938 2403 2017 libri,
2471 1937 2595 2016 nisi

390 2061 563 2142 quod
610 2061 753 2128 ‘aut
790 2043 1165 2128 de'minore
1214 2068 1335 2132 aut
1382 2063 1463 2128 cte
1511 2061 1804 2128 nociores
1840 2060 2051 2124 otiosa
2099 2077 2173 2120 ex
2212 2058 2340 2122 Cic.
2389 2059 2511 2122 inv.
2541 2060 2592 2137 I,

389 2181 493 2261 28,
540 2180 618 2246 41
671 2181 793 2246 huc
860 2182 1175 2246 translata
1238 2201 1379 2247 esse
1440 2182 1800 2262 suspicatus
1850 2185 1963 2244 est.
2057 2179 2240 2255 Quod
2297 2179 2594 2242 neutrum

391 2307 567 2365 recte
616 2321 759 2367 eum
805 2299 1035 2367 fecisse
1086 2304 1533 2385 assentientur,
1585 2305 1944 2386 quicunque
1986 2302 2345 2367 acturatius
2391 2309 2597 2365 totum

393 2420 559 2485 huuc
643 2422 853 2486 locum
925 2423 1442 2489 examinaverint.
1555 2424 1932 2491 Cornificius
2009 2424 2177 2489 enim
2257 2427 2598 2502 postquam

398 2545 753 2628 generatim
800 2564 994 2625 supra
1039 2544 1433 2627 significavit,
1506 2546 1734 2639 quibus
1780 2545 1846 2608 in
1888 2544 2282 2626 temporibus
2318 2540 2599 2604 insinua-

394 2665 571 2727 tione
617 2666 923 2745 utendum
970 2684 1110 2730 esse
1169 2666 1525 2747 videretur,
1595 2664 1964 2745 singillatim
2025 2664 2324 2742 deinceps
2389 2661 2596 2739 docet,

398 2784 625 2864 quibus
686 2784 959 2849 maxime
1026 2787 1381 2854 rationibus
1451 2786 1764 2851 auditoris
1836 2784 2115 2849 animum
2178 2766 2596 2848 reconciliare

399 2905 586 2969 nobis
629 2906 949 2988 possimus
997 2906 1425 2999 abalienatum
1475 2926 1706 2973 causae
1751 2906 2165 2987 turpitudine.
2228 2905 2411 2982 Quod
2459 2925 2600 2969 cum

398 3025 487 3090 sic
530 3044 598 3090 se
631 3024 886 3107 habeat,
932 3027 1162 3091 merito
1214 3026 1596 3093 offendimur
1626 3028 1694 3091 in
1728 3029 1940 3094 verbis
1990 3027 2168 3109 ‘rem,
2226 3045 2360 3093 non
2389 3027 2599 3094 homi-

394 3164 557 3213 nem·
612 3150 920 3233 speotari
987 3149 1351 3233 oportere<
1442 3149 1541 3211 An
1575 3153 2068 3213 consentaneum
2101 3152 2399 3227 putamus
2434 3166 2594 3226 esse,

398 3266 505 3348 qui
550 3267 727 3331 brevi
774 3273 921 3331 ante
970 3269 1371 3349 exposuerit,
1442 3289 1633 3349 quam
1695 3286 1950 3333 eausam
2009 3267 2416 3347 intellegeret
2464 3273 2598 3331 tur-

396 3404 543 3467 pem
591 3384 751 3469 (scil.
817 3388 1033 3472 ‘quom
1104 3390 1261 3473 ipsa
1328 3408 1462 3456 res
1530 3392 1825 3457 animum
1891 3389 2230 3456 auditoris
2295 3407 2339 3453 a
2406 3387 2600 3455 nobis

398 3499 752 3593 alt'enat‘),
813 3507 1082 3571 eundem
1121 3508 1181 3571 h.
1209 3508 1249 3571 l.
1286 3508 1449 3572 hanc
1482 3510 1818 3574 instituere
1849 3509 2225 3574 exordiundi
2262 3508 2598 3588 rationem,

398 3632 469 3690 ut
496 3625 664 3689 dicat
714 3626 917 3710 ‘rem,
975 3646 1109 3694 non
1151 3628 1477 3696 hominem
1512 3634 1820 3715 spectari
1855 3631 2240 3716 oportere‘?
2290 3626 2599 3705 Proprius

401 3754 540 3813 erat
574 3747 853 3813 scribere
906 3747 1342 3833 ‘laominem,
1399 3768 1536 3817 non
1589 3751 1773 3839 rem‘,
1823 3751 1996 3833 quod
2039 3751 2210 3815 idem
2232 3746 2600 3813 Emmerani

604 3953 659 4020 *)
699 3948 1096 4005 Proficiscimur
1154 3949 1295 4004 enim
1358 3960 1413 4009 et
1467 3954 1576 4009 hoc
1627 3956 1754 4011 loco
1811 3962 1864 4011 et
1917 3956 2042 4009 aliis
2093 3951 2232 4007 locis
2275 3945 2528 4002 omnibus
2567 3966 2595 4003 a

400 4033 632 4107 Kayseri
673 4034 759 4091 ed.
800 4034 919 4089 crit.
965 4032 1184 4107 Lipsiae
1226 4035 1603 4096 MDCCCLIV.

3054 1205 3056 1240 -
2983 797 3056 1054 „ln
