3067 4525
435 267 480 337 8

428 487 594 533 nova
627 488 695 534 se
735 468 814 533 de
847 465 1275 531 insinuatione
1324 465 1739 546 excogitasse,
1788 467 1961 548 quod
1996 485 2135 532 eam
2170 467 2343 534 solus
2371 474 2630 550 praeter

429 593 678 654 ceteros
723 590 789 654 in
835 587 961 652 tria
1004 594 1296 668 tempora
1341 587 1690 668 divisisset,
1747 595 1922 654 totus
1966 589 2074 654 ille
2119 590 2328 670 locus,
2376 590 2485 671 qui
2532 597 2630 655 est

427 711 506 774 de
575 710 1036 788 insinuatione,
1113 708 1214 772 vel
1280 707 1538 770 maximi
1608 708 1731 771 erit
1796 709 2103 773 momenti
2174 715 2237 773 et
2305 710 2387 773 ad
2451 715 2629 774 recte

429 833 892 897 aestimandum
936 829 1140 894 nostri
1189 826 1519 907 scriptoris
1566 826 1887 906 ingenium
1938 836 2001 892 et
2043 829 2126 893 ad
2162 829 2629 894 diiudicandam

427 975 562 1019 rem
609 953 1064 1031 difficillimam,
1110 951 1176 1014 in
1208 954 1345 1016 arte
1386 965 1501 1011 sua
1530 944 1971 1027 componenda
2015 956 2232 1015 utrum⁸
2254 949 2628 1015 Cornificius

427 1075 801 1141 Ciceronem
841 1071 1227 1149 adhibuerit,
1275 1088 1355 1132 an
1399 1066 1807 1132 Cornificium
1838 1069 2080 1135 Cicero,
2147 1072 2396 1137 Accidit
2442 1073 2626 1152 enim,

425 1201 498 1259 ut
545 1195 768 1258 eadem
813 1193 924 1256 illa
968 1190 1413 1255 insinuationis
1471 1188 1537 1251 in
1596 1195 1728 1254 tres
1788 1198 2008 1271 partes
2073 1193 2382 1258 divisione
2445 1214 2628 1258 usum

428 1335 567 1380 esse
611 1315 940 1378 videamus
984 1318 1344 1392 utrumque.
1437 1310 1575 1386 Qua
1621 1312 1700 1375 de
1744 1332 1815 1376 re
1863 1314 2052 1377 velim
2099 1315 2418 1395 inspicias,
2467 1335 2629 1395 quae

425 1434 940 1515 conscripserunt
968 1432 1317 1497 doctissimi
1341 1432 1460 1495 viri
1485 1432 1525 1496 S
1544 1452 1577 1496 c
1593 1433 1775 1498 huet
1792 1456 1825 1498 z
1842 1436 1920 1499 iu
1936 1436 2051 1518 s*),
2098 1437 2157 1499 Κ
2174 1455 2263 1517 ay
2282 1455 2309 1501 s
2325 1451 2457 1500 eru
2474 1436 2626 1518 s**)‚

424 1555 962 1637 Baderus***),
1048 1554 1154 1634 qui
1211 1573 1430 1618 omnes
1486 1559 1713 1618 contra
1771 1554 2160 1635 divulgatam
2206 1561 2396 1618 antea
2443 1556 2629 1619 Bur-

425 1677 686 1742 manni
711 1675 1094 1742 sententiam
1119 1658 1510 1755 gravissimis
1539 1674 1931 1755 argumentis
1959 1675 2303 1755 evicerunt,
2326 1663 2397 1739 ut
2424 1676 2628 1740 nostri

425 1798 714 1861 homines
770 1794 905 1860 fere
965 1813 1082 1875 pro
1145 1793 1474 1875 explorato
1521 1794 1830 1874 habeant,
1893 1794 2295 1874 Ciceronem,
2364 1814 2506 1859 cum
2553 1797 2631 1860 de
2694 1776 2697 1781 ’

426 1917 549 1979 inv.
596 1915 796 1980 libros
845 1913 1307 1991 conscriberet,
1367 1915 1675 1978 nonnulla
1725 1916 1806 1979 ad
1851 1917 2115 1980 verbum
2164 1918 2242 1982 de
2290 1917 2628 1982 Cornificio

427 2033 920 2115 deprompsisse,
969 2033 1096 2097 alia
1140 2033 1206 2096 in
1252 2033 1671 2097 describendo
1719 2035 1949 2098 leviter
1991 2041 2292 2100 mutasse.
2370 2011 2507 2113 Qua
2552 2036 2631 2099 de

426 2173 497 2219 re
542 2154 857 2218 neminem
897 2154 1126 2234 opinor
1168 2153 1380 2217 verius
1416 2153 1735 2219 iudicasse
1775 2173 1963 2236 quam
2006 2154 2103 2235 Sp
2124 2157 2526 2237 eugelium
2542 2158 2627 2240 †)‚

355 2348 363 2357 ,
428 2277 537 2357 qui
570 2277 648 2342 de
680 2277 806 2341 Cio.
847 2277 925 2340 de
963 2276 1085 2340 inv.
1120 2276 1299 2341 libris
1333 2276 1491 2340 haec
1538 2277 1884 2340 vernacula
1929 2276 2146 2357 lingua
2195 2277 2383 2341 dixit:
2434 2280 2529 2358 „D
2551 2240 2672 2344 er⁹

426 2397 861 2463 Verfasser
941 2399 1169 2473 hatte
1260 2399 1393 2463 die
1469 2395 1874 2463 Rhetorik
1959 2397 2052 2460 ad
2135 2397 2630 2464 Herennium

425 2538 565 2583 vor
633 2519 811 2584 sich
880 2520 1161 2602 liegen
1224 2520 1382 2585 und
1444 2520 1785 2583 beniitzt
1850 2516 1962 2580 sie
2023 2514 2335 2597 haufig,
2403 2519 2631 2584 sucht

427 2639 619 2704 auch
657 2621 1196 2705 fortwahrend
1233 2659 1313 2706 es
1354 2638 1649 2703 anders
1686 2635 1834 2699 und
1869 2635 2152 2700 besser
2183 2657 2272 2701 zu
2306 2639 2627 2718 macheu

428 2758 540 2822 als
589 2758 795 2839 J‘ene,
863 2759 1120 2823 macht
1178 2777 1259 2823 es
1318 2759 1500 2822 aber
1546 2757 2048 2837 gewohnlich
2095 2757 2626 2823 schlechter.“

598 2879 724 2943 Sed
769 2879 1164 2961 impugnavit
1210 2878 1497 2961 argutius
1548 2896 1738 2958 quam
1784 2878 1999 2943 verius
2045 2878 2417 2959 nuperrime
2454 2879 2628 2942 illam

426 3002 806 3067 sententiam
829 2998 1408 3083 Weidnerus††)
1455 3000 1740 3082 graviter
1771 2999 2059 3063 invectus
2103 2997 2168 3061 in
2219 3016 2348 3077 eOS,
2398 2998 2625 3077 quibus

423 3107 580 3185 nihil
604 3122 848 3202 gratius
872 3121 1199 3186 videretur
1225 3138 1365 3185 esse
1391 3138 1601 3201 quam,
1652 3125 1889 3201 quanto
1924 3137 2117 3199 opere
2150 3115 2374 3181 Cicero
2403 3116 2627 3182 Corni-

593 3310 647 3379 *)
684 3308 739 3363 in
780 3307 1039 3379 prolegom

424 3394 552 3450 Vol.
587 3394 630 3450 Ι.
687 3412 731 3449 ο.
768 3395 811 3449 Ι.
875 3390 1022 3446 idem

425 3476 644 3549 Lipsiae
682 3475 1039 3531 Mocccxlv

595 3564 675 3631 **)
714 3562 770 3616 in
806 3562 891 3619 ed.
927 3562 1039 3618 crit.

424 3648 724 3718 Anzeigen.
795 3646 1033 3717 Jahrgan

596 3734 702 3799 ***)
742 3733 797 3787 in
835 3733 1039 3787 dissert

426 3817 888 3889 Griphiswaldiae
932 3818 1039 3871 MD*

595 3904 660 3972 †)
698 3903 885 3959 Rhein.
921 3902 1037 3957 Mus

594 3991 694 4061 ††)
731 3990 787 4044 in
839 3989 1039 4061 proleg,

426 4074 965 4151 MDCCCLXXVIIL
