3067 4525
464 177 562 254 4⁰

456 381 537 450 de
593 383 825 450 eadem
878 401 955 450 re
1008 400 1215 470 saepe
1270 379 1451 452 alius
1529 381 1724 452 allud
1777 373 2156 450 decreverit
2207 389 2328 451 aul
2379 377 2634 456 iudica-

452 505 626 590 1161νῖ
635 499 674 591 Ι
690 557 704 574 .
762 509 829 571 et
872 501 967 584 fil.
1032 493 1124 590 *ζ
1134 501 1197 568 U
1198 503 1249 569 Τ
1298 503 1493 572 (11ιύιί
1543 503 1684 570 alio
1739 503 1954 570 iudici
2002 509 2126 570 aut
2169 507 2485 590 praetori
2532 510 2638 570 aut

454 623 725 690 tribuno
772 623 997 708 plebis
1043 623 1374 708 place‘lum-
1428 619 1621 712 ειη]

624 741 767 806 Non
804 741 1049 824 poteris
1088 763 1215 808 non
1250 745 1620 824 concedere,
1668 745 1824 810 nihil
1862 763 2002 810 esse
2044 745 2110 808 in
2141 743 2272 808 -bac
2315 745 2644 808 verborum

456 861 897 942 collocatione,
945 864 1115 944 quod
1164 865 1434 947 amplius
1480 871 1544 928 te
1594 863 1916 944 offendat3
1963 881 2192 946 neque,
2241 863 2350 946 qui
2399 863 2480 928 sit
2527 862 2648 926 fac-

454 991 608 1064 tum,
672 991 741 1046 ut
806 981 971 1046 male
1034 983 1099 1046 in
1165 984 1343 1050 libris
1411 987 1901 1066 perturbaretur
1953 1003 2142 1050 verus
2191 984 2644 1048 sententiarum

458 1104 637 1184 ordo,
685 1102 901 1166 multis
950 1120 1111 1184 opus
1158 1110 1256 1167 est
1304 1125 1641 1188 exponere.

628 1223 866 1286 Iterum
892 1221 1273 1288 incurrimus
1302 1225 1365 1288 in
1396 1224 1606 1289 locum
1631 1224 1817 1288 unius
1843 1221 2133 1286 vocabuli
2161 1222 2652 1304 transpositione
2697 1227 2702 1232 “

452 1343 779 1422 vitiatum,
826 1341 1035 1407 locum
1084 1343 1385 1424 dicimus,
1432 1344 1544 1424 qui·
1589 1351 1686 1408 est
1731 1343 1810 1408 de
1857 1343 2239 1425 purgatione
2285 1317 2534 1423 11,‘16‚
2581 1340 2654 1405 23

457 1471 605 1546 post
650 1463 734 1527 in.

666 1583 1017 1670 ‘Purqalio
1099 1587 1230 1667 est,
1324 1600 1523 1669 quom
1611 1585 1920 1652 consulto
2005 1602 2051 1649 a
2131 1582 2324 1650 nobis
2399 1579 2661 1664 factum

454 1723 800 1793 neqamuS.
906 1701 1013 1770 Ea
1068 1702 1393 1772 dividitur
1446 1706 1514 1770 in
1556 1705 2132 1787 necessitudinem,
2186 1701 2658 1784 fortunam,

454 1822 1152 1912 inprudentium.‘

628 1945 796 2019 Quas
858 1943 1257 2023 purgationis
1313 1951 1532 2024 partes
1602 1947 1771 2026 quod
1833 1944 1958 2009 alio
2027 1956 2220 2024 supra
2273 1945 2331 2024 Ι,
2395 1945 2512 2025 11,
2583 1942 2658 2008 24

456 2063 620 2126 med.
671 2062 795 2125 alio
841 2060 943 2124 hic
992 2060 1213 2124 ordine
1258 2060 1547 2142 legimus,
1595 2064 1753 2127 nihil
1797 2063 2038 2128 referre
2087 2065 2278 2128 dicas,
2359 2064 2657 2144 Legimus

459 2182 625 2248 enim
670 2182 709 2246 1.
757 2181 797 2244 1.
861 2182 939 2245 de
1005 2181 1228 2246 eadem
1288 2200 1358 2246 re
1417 2180 1603 2245 haec:
1695 2183 2048 2269 ‘Pecrqatio
2087 2191 2206 2270 est,
2264 2202 2468 2271 quom
2503 2202 2654 2251 con-

455 2303 631 2371 sulto
689 2310 894 2389 neqac
947 2321 1019 2369 se
1073 2322 1232 2369 reus
1282 2302 1581 2385 see‘e‘.s·se,·
1648 2322 1732 2371 ea
1787 2303 2108 2373 dividitur
2155 2308 2227 2372 in
2281 2304 2645 2387 fortunam,

456 2425 990 2511 inprudentiam,
1074 2424 1594 2492 necessz·tatem.‘
1693 2424 1916 2506 Neque
1967 2426 2170 2506 magis
2232 2432 2296 2489 te
2353 2424 2654 2502 offendet,

459 2547 852 2631 quod-brevi
898 2552 1045 2627 post
1090 2546 1183 2626 II,
1255 2545 1362 2625 17,
1428 2547 1509 2610 25
1576 2548 1660 2613 in.
1706 2547 2048 2610 verborum
2093 2544 2384 2609 ordinem
2431 2546 2676 2625 depre-·

455 2668 697 2745 hendas
754 2667 998 2748 pariter
1058 2666 1135 2729 ab
1198 2671 1471 2745 utroque
1533 2665 1655 2729 hoc
1717 2666 2195 2731 abhorrentem:
2285 2665 2658 2751 ‘Depreca-

456 2794 635 2859 tione
690 2796 977 2869 utemur,
1050 2804 1249 2871 quom
1298 2784 1668 2867 fatebimur
1743 2804 1868 2853 nos
1937 2804 2266 2879 peccasse
2320 2803 2533 2870 neque
2589 2783 2661 2849 id

457 2908 883 2997 inprudentis
940 2911 1060 2973 aut
1108 2903 1396 2986 fortuito
1454 2911 1575 2972 aul
1619 2908 2012 2974 necessario
2064 2904 2313 2987 sece‘sse
2357 2906 2657 2971 dicemus

460 3036 525 3097 ec
579 3034 799 3096 tamen
854 3028 1120 3113 {qnosce'
1170 3026 1363 3093 nobis
1426 3024 1978 3112 postulabimusf
2025 3024 2255 3089 Maiori
2296 3030 2507 3089 autem
2540 3022 2658 3087 tibi

460 3149 582 3213 erit
622 3146 977 3227 offensioni,
1026 3146 1197 3227 quod
1230 3146 1295 3209 in
1327 3146 1437 3210 illo
1467 3146 1710 3226 ordine,
1760 3165 1946 3227 quem
1982 3151 2202 3210 nostro
2242 3145 2384 3210 loco
2414 3143 2652 3210 Cornif.

458 3271 524 3334 in
551 3267 906 3333 dividendis
929 3266 1329 3348 purgationis
1352 3268 1643 3348 partibus
1663 3266 2047 3346 instituerat,
2083 3285 2485 3347 nequaquam
2510 3283 2655 3329 eum

460 3390 713 3456 stetisse
758 3388 1045 3453 videmus
1092 3387 1155 3449 in
1201 3386 1427 3451 iisdem
1465 3388 1592 3453 illis
1625 3388 1916 3470 partibus
1947 3386 2206 3450 uberius
2243 3382 2651 3483 explicandis.

458 3484 707 3576 Accidit
734 3508 919 3589 enim,
967 3514 1037 3571 ut
1073 3508 1349 3589 primum
1380 3509 1753 3573 disseruerit
1800 3508 1878 3571 de
1923 3505 2414 3585 necessitudine,
2463 3520 2652 3583 quam

460 3638 521 3695 et
548 3630 613 3694 in
639 3630 1082 3712 propositione
1126 3630 1399 3711 primum
1437 3631 1650 3695 locum
1679 3634 1900 3693 tenere
1939 3606 2414 3709 perspeximus]
2445 3632 2651 3689 trans-

455 3752 605 3835 ierit
675 3751 905 3815 deinde
968 3752 1049 3815 ad
1117 3749 1628 3831 inprudentiam,
1714 3749 1890 3813 cuius
1957 3749 2024 3813 in
2087 3748 2198 3813 illa
2262 3748 2439 3812 locus
2489 3727 2650 3809 'erat

458 3872 707 3950 tertiuS,
772 3870 1138 3951 pervenerit
1202 3870 1475 3950 denique
1522 3871 1604 3933 ad
1647 3870 2006 3949 fortunam,
2078 3870 2254 3933 cuius
2299 3868 2430 3931 illic
2474 3867 2650 3931 locus

448 3994 603 4052 erat
646 3989 911 4053 medius.
1005 3988 1187 4064 Quod
1231 3996 1411 4079 tanto
1462 4008 1657 4070 opere
1704 3989 2006 4054 abhorret
2051 4008 2089 4051 a
2139 3986 2456 4051 communi
2501 3984 2653 4051 scri-
