3067 4525
423 211 514 288 12

412 415 527 498 illi,
573 393 1033 500 transponendi
1077 437 1205 483 non
1249 416 1422 482 item.
1516 415 1710 483 Cuius
1769 415 1864 482 rei
1923 418 2212 500 exemplo
2258 417 2614 484 videbimus

405 556 559 604 *esse
606 557 746 604 cum
798 538 959 605 alios
1005 538 1182 604 locos
1230 545 1364 604 tum
1409 539 1459 618 I,
1509 538 1569 618 9,
1619 538 1718 602 15.

590 659 717 724 Sed
759 664 943 723 tanta
988 676 1447 740 saepenumero
1473 658 1757 740 levitate,
1804 679 1885 724 ne
1908 661 2061 742 quid
2093 663 2349 743 gravius
2385 662 2611 743 dicam,

415 778 481 844 in
528 797 607 846 ea
650 799 720 844 re
768 787 913 844 sunt
957 776 1212 862 versati,
1260 787 1331 846 ut
1365 778 1605 842 nullam
1637 798 1904 860 prorsus
1933 782 2250 847 rationem
2280 783 2612 862 haberent,

420 901 547 966 alia
571 903 741 983 apud
758 901 1149 983 Ciceronem,
1190 903 1318 968 alia
1340 902 1510 983 apud
1528 900 1936 966 Cornificium
1963 902 2090 968 illis
2119 904 2279 970 10013
2305 911 2413 968 aut
2437 910 2616 968 ante-

418 1022 647 1087 cedere
681 1029 791 1088 aut
826 1024 1027 1105 sequi,
1076 1023 1422 1102 Ciceronis,
1469 1022 1580 1087 ubi
1617 1022 1839 1087 eadem
1877 1043 1981 1088 res
2023 1031 2339 1106 ageretur,
2388 1025 2615 1089 verbo-

416 1161 557 1205 rum
595 1148 835 1208 temere
864 1145 1151 1209 ordinem
1184 1148 1674 1224 aucuparentur.
1723 1143 1888 1220 Quin
1917 1145 2110 1210 etiam
2139 1146 2205 1210 in
2237 1145 2428 1212 rebus
2458 1165 2616 1210 non-

416 1280 739 1342 nunquam
786 1263 1215 1342 dissimilibuS,
1262 1265 1604 1330 verborum
1645 1265 1905 1330 adducti
1947 1267 2163 1348 aliqua
2201 1268 2615 1334 similitudine

419 1383 501 1447 ad
546 1382 872 1450 Ciceronis
935 1386 1291 1467 exemplum
1359 1405 1580 1450 eorum
1643 1387 1931 1451 ordinem
1984 1395 2329 1456 mutavere.
2423 1389 2616 1454 Cuius

417 1503 704 1584 perversi
770 1505 1027 1571 illorum
1094 1507 1288 1572 studii
1345 1506 1500 1570 nihil
1561 1475 1894 1588 insigniori
1946 1511 2188 1590 poterit
2237 1530 2377 1577 esse
2425 1512 2618 1576 docu-

418 1630 633 1690 mento
682 1645 871 1706 quam
914 1626 1008 1691 illi
1051 1627 1214 1707 loci,
1280 1627 1389 1693 ubi
1449 1628 1720 1692 eundem
1783 1629 1952 1709 apud
2012 1635 2355 1713 utrumque
2419 1632 2618 1712 scrip-

420 1750 627 1810 torem
694 1747 759 1811 in
816 1749 1007 1814 rebus
1053 1747 1487 1829 proponendis
1543 1749 1884 1814 verborum
1930 1751 2218 1817 ordinem
2266 1752 2619 1833 deprehen-

423 1865 649 1946 dimus,
699 1885 840 1931 cum
884 1869 951 1932 in
994 1869 1223 1934 iisdem
1267 1870 1457 1935 rebus
1506 1871 1895 1952 explicandis
1959 1875 2152 1939 alium
2218 1875 2296 1939 ab
2343 1875 2467 1938 alio
2517 1894 2620 1940 or-

424 1985 635 2049 dinem
680 1986 848 2051 infra
892 1989 1255 2055 institutum
1304 2011 1445 2058 esse
1491 1994 1839 2058 videamus,
1887 1994 2080 2059 Velut
2110 1998 2159 2076 I,
2209 1995 2308 2075 14,
2358 1996 2442 2061 24
2471 2003 2620 2079 post

422 2105 539 2184 in.;
588 2108 669 2186 II,
699 2107 834 2192 16,
901 2108 982 2172 23
1028 2117 1178 2190 post
1220 2113 1303 2176 in.
1396 2113 1817 2194 Perspicuum
1880 2115 2045 2178 enim
2109 2121 2205 2180 est
2267 2115 2617 2211 1111310013,

421 2224 881 2307 propositionis
930 2230 1219 2296 ordinem
1264 2231 1330 2295 in
1376 2229 1749 2313 Cornificio,
1820 2239 1890 2298 ut
1935 2235 2002 2299 in
2047 2236 2360 2317 scriptore
2406 2235 2621 2317 dispu-

422 2346 683 2412 tationis
731 2350 1019 2415 ordinem
1063 2351 1363 2433 religiose
1411 2353 1811 2437 observante,
1881 2374 2075 2436 prave
2145 2357 2226 2420 ad
2295 2357 2620 2423 Ciceronis

424 2467 779 2547 exemplum
827 2488 967 2535 esse
1016 2479 1489 2540 commutatum.

594 2586 721 2652 Sed
756 2592 1151 2657 recentiores
1177 2592 1475 2659 Cornifici
1521 2597 1802 2663 editores
1847 2598 2064 2663 nescio
2113 2599 2434 2681 quomodo
2481 2604 2621 2661 tan-

420 2712 555 2770 tum
603 2709 802 2789 abest,
849 2716 921 2773 ut
969 2712 1281 2777 eiusmodi
1323 2712 1483 2779 locis
1530 2714 1898 2797 confugiant
1930 2718 2011 2781 ad
2039 2721 2381 2786 verborum
2414 2727 2620 2787 trans-

419 2828 825 2910 positionem,
872 2836 943 2893 ut
988 2838 1255 2912 propter
1301 2853 1439 2898 eam
1485 2834 1690 2915 ipsam
1738 2856 1879 2902 cum
1926 2838 2233 2906 Cicerone
2279 2838 2620 2908 verborum

422 2948 740 3027 quandam
770 2950 1275 3016 convenientiam
1320 2954 1422 3018 vel
1466 2956 1922 3036 nequissimam
1967 2960 2308 3026 lectionem
2353 2963 2619 3027 retineri

418 3068 707 3148 iubeant3
790 3070 887 3135 sin
952 3071 1074 3137 hoc
1141 3073 1382 3155 111111113,
1462 3076 1978 3158 interpolationis
2043 3089 2288 3149 temere
2341 3086 2620 3173 ‘suspici-

426 3206 613 3254 onem
660 3192 1147 3273 amplectantur.

592 3313 728 3377 Iam
774 3315 1021 3380 accedit
1075 3315 1336 3380 tertium
1402 3321 1724 3397 quoddam
1784 3323 2354 3403 transpositionum
2420 3344 2619 3407 genus

424 3452 660 3513 earum,
712 3452 868 3513 quas
914 3453 1121 3516 neque
1170 3455 1245 3500 ex
1288 3436 1826 3507 homoeoteleutis
1863 3449 2048 3508 natas
2087 3462 2294 3524 neque
2331 3464 2406 3509 ex
2441 3446 2622 3512 libris

422 3552 855 3623 Ciceronianis
900 3551 1223 3633 profectas
1271 3575 1409 3621 0330
1458 3559 1651 3625 dicas.
1725 3561 1884 3625 Sunt
1931 3563 2098 3627 enim
2143 3562 2429 3628 nonnulli
2475 3565 2618 3643 loci,

420 3677 529 3742 ubi
587 3675 667 3738 de
723 3672 967 3737 duabus
1030 3676 1393 3759 sententiis,
1465 3682 1548 3745 ad
1605 3700 1812 3762 pauca
1873 3681 2250 3761 plerumque
2309 3682 2621 3747 vocabula

418 3793 906 3881 pertinentibus
943 3791 1149 3859 altera
1178 3804 1327 3877 post
1358 3799 1626 3866 alteram
1656 3807 1904 3867 mutato
1939 3798 2161 3866 ordine
2189 3801 2266 3863 ab
2289 3798 2620 3881 archetypi

419 3921 682 4002 librario
729 3930 1067 4009 perperam
1116 3918 1480 3999 conscripta
1526 3940 1665 3987 esse
1710 3924 2022 3988 videatur.
2070 3920 2214 3983 Erit
2245 3923 2458 3982 autem
2489 3920 2617 3984 illis

419 4046 577 4110 10013
600 4064 729 4109 11011
754 4042 1159 4126 cogitandum
1182 4042 1260 4109 de
1289 4043 1911 4127 interpolationibus
1961 4037 2196 4118 quippe
2215 4035 2516 4115 quoniam
2543 4057 2619 4102 ex

3033 2175 3056 2215 A:
