3067 4525
416 225 515 308 48

419 447 898 514 ranitatem.
1004 437 1376 529 Infirma
1430 444 1668 514 ratio
1725 447 1877 528 est,
1951 457 2125 530 quae
2178 458 2316 512 non
2369 459 2618 513 neces-

414 575 606 639 sario
662 576 956 642 ostendit
1006 577 1103 642 ita
1158 594 1322 658 esse,
1382 594 1575 661 quem
1628 576 1723 643 ad
1749 575 2013 644 modum
2052 577 2442 662 expositum
2495 582 2618 660 est,

420 701 595 769 velut
647 709 816 789 aput
864 703 1221 771 Plautum:
1462 708 1947 773 ratiocinatur.

634 829 859 899 Vana
914 838 1053 900 rat
1069 835 1143 900 io
1209 839 1361 918 est,
1434 851 1610 920 quae
1663 853 1750 900 ex
1800 831 1992 915 falso
2050 851 2268 900 causa
2325 837 2618 916 consta-t,

416 959 544 1028 hoc
588 962 993 1032 modo:
1048 963 1544 1046 confiteremur.
1603 961 1899 1048 Itemque
1951 959 2325 1045 infirma
2381 965 2620 1029 ratio

418 1094 572 1172 est,
632 1109 805 1176 quoe
852 1109 985 1158 non
1032 1093 1493 1160 necessariam
1531 1111 1811 1160 causam
1851 1089 2084 1175 adfert
2124 1087 2623 1176 expositioni&-

419 1218 597 1287 velut
648 1217 991 1288 Pacuvius
1044 1220 1223 1307 3·qu

592 1349 735 1414 Duo
772 1350 1041 1416 vitiosae
1072 1351 1340 1418 rationis
1372 1368 1609 1432 genera
1642 1351 1947 1431 proponit
1967 1349 2241 1416 Cornifi:
2284 1349 2624 1430 infirmum

423 1476 487 1536 31
556 1489 825 1538 vanum.
916 1469 1101 1546 Quod
1160 1478 1502 1553 utrumque
1565 1490 1766 1552 genus
1829 1471 2046 1536 multis
2091 1469 2158 1534 in
2205 1471 2624 1552 sequentibus

422 1591 828 1674 persequitur
874 1590 993 1673 ita,
1059 1597 1128 1655 ut
1173 1591 1422 1657 initium
1491 1591 1702 1672 capiat
1763 1592 1840 1655 ab
1899 1589 2151 1655 infirma
2194 1591 2445 1656 ratione
2514 1610 2627 1656 ex-

421 1711 759 1795 plananda,
822 1718 1049 1794 pergat
1095 1711 1324 1776 deiude
1384 1711 1465 1776 ad
1520 1709 1964 1775 illustrandam
2008 1711 2326 1775 rationem
2371 1730 2623 1792 vanam,

424 1851 550 1912 qua
596 1833 888 1898 absoluta
931 1838 1292 1896 revertatur
1340 1833 1546 1896 denuo
1609 1831 1691 1894 ad
1736 1831 2024 1896 infirmae
2070 1831 2340 1895 rationis
2385 1837 2624 1895 tracta-

346 1973 356 1982 ·
422 1952 696 2030 tionem,
760 1953 935 2016 cuius
997 1952 1181 2032 plura
1261 1952 1561 2032 deinceps
1629 1952 1919 2032 exempla
1991 1957 2322 2016 enumeret
2392 1952 2615 2016 eodem

426 2090 677 2151 semper
721 2089 875 2134 usus
921 2071 1216 2132 exordio:
1267 2069 1439 2136 ‘item
1492 2071 1763 2150 infirma
1820 2075 2004 2138 ratio
2061 2071 2203 2138 ests.
2274 2071 2402 2138 Sed
2449 2090 2618 2150 cave,

426 2208 506 2254 ne
555 2188 893 2253 Cornificio
941 2190 1235 2271 imputes,
1284 2189 1457 2271 quod
1498 2188 1906 2254 librariorum
1967 2189 2216 2283 factum
2278 2209 2418 2256 esse
2478 2190 2656 2272 per-'

430 2312 717 2392 spicuum
764 2316 861 2375 331
908 2312 1219 2375 socordia.
1282 2311 1382 2375 An
1426 2318 1497 2373 tu
1543 2310 1893 2390 arbitraris,
1940 2318 2074 2374 tam
2120 2310 2287 2375 male
2332 2318 2607 2376 nostrum

429 2433 587 2497 artis
634 2432 1012 2512 scriptorem
1058 2450 1193 2495 rem
1240 2450 1419 2496 suam
1466 2430 1761 2511 gessisse,
1809 2436 1880 2493 ut
1913 2431 2350 2512 turpissimum
2394 2430 2462 2493 in
2496 2449 2612 2495 mc·

429 2555 577 2649 dum
623 2553 950 2617 dirimeret
995 2572 1209 2617 rerum
1255 2553 1485 2617 seriem
1532 2550 1930 2632 interpositis
1974 2551 2071 2631 iis,
2139 2568 2305 2630 quae
2353 2551 2623 2614 dilucide

426 2673 492 2738 in
536 2672 981 2756 propositione
1030 2678 1407 2737 secreverat.
1479 2673 1682 2736 Immo
1740 2691 1892 2736 vero
1957 2690 2160 2735 vanae
2208 2670 2477 2735 rationis
2526 2690 2628 2733 ex-

427 2794 663 2876 positio
711 2799 821 2856 aut
884 2798 1031 2856 ante
1091 2789 1405 2854 infirmam
1463 2792 1780 2857 rationem
1839 2798 1948 2855 aut
2005 2796 2152 2872 post
2213 2808 2354 2855 eam
2415 2791 2624 2854 locum

427 2914 639 2978 habet.
731 2911 972 2987 Quodsi
1039 2909 1266 2990 minus„
1337 2909 1675 2991 singularis
1741 2912 2068 2977 cuiusdam
2125 2911 2366 2976 ordinis
2437 2930 2626 2975 causa

430 3053 594 3115 quae
664 3038 865 3112 esset,
932 3030 1162 3095 afferre
1228 3031 1501 3096 debebat
1564 3026 1956 3097 Cornificius.
2049 3030 2245 3095 Cuius
2304 3050 2380 3095 ex
2441 3048 2625 3111 argu-

426 3162 642 3220 mento
692 3153 865 3234 quod
898 3152 1095 3232 aiunt
1162 3170 1195 3215 3
1264 3151 1515 3216 silentio
1581 3171 1768 3216 nemo
1816 3170 1944 3214 non
1991 3170 2104 3215 suo
2152 3152 2290 3215 iure
2339 3152 2618 3232 suspica-

428 3274 619 3353 bitur,
666 3271 832 3335 male
881 3278 945 3335 et
989 3271 1091 3336 hic
1138 3272 1597 3337 sententiarum
1643 3271 1930 3335 ordinem
1979 3291 2118 3335 esse
2164 3273 2624 3351 perturbatum.

432 3396 607 3470 Quae
632 3412 771 3457 cum
800 3392 891 3456 ita
916 3392 1057 3472 sint,
1104 3393 1230 3455 iam
1266 3392 1347 3455 ad
1372 3392 1413 3455 S
1430 3392 1701 3455 chuetz
1717 3392 1843 3454 ian
1859 3412 1966 3455 am
1996 3392 2169 3456 illam
2193 3390 2628 3471 confugiamus

429 3515 770 3590 ‚verborum
815 3510 1398 3593 transpositionem,
1448 3529 1612 3592 quae
1657 3511 1873 3575 nescio
1921 3530 2044 3590 quo
2084 3520 2272 3593 pacto
2314 3512 2391 3575 ab
2431 3511 2631 3575 omni-

430 3636 549 3709 bus
595 3633 799 3697 adhuc
860 3632 1213 3696 editoribus
1270 3632 1610 3711 repudiata
1669 3632 1734 3694 in
1796 3626 2178 3696 oblivionem
2241 3649 2444 3711 paene
2508 3630 2632 3693 iam

434 3754 711 3819 adducta
756 3758 912 3815 erat.
1002 3752 1265 3816 Rectius
1312 3753 1528 3834 itaque
1576 3751 1890 3831 legamus:

647 3900 935 3967 ‘Vitiosa
988 3901 1170 3965 ratio
1228 3904 1357 3980 est,
1431 3918 1606 3982 quae
1661 3898 1757 3963 ad
1808 3898 2292 3988 expositionem
2348 3910 2482 3961 non
2535 3894 2634 3959 est

439 4030 961 4097 adcommodata
1013 4025 1121 4092 oet
1138 4029 1429 4109 propter
1481 4027 1941 4127 infirmitatem
1973 4025 2081 4092 vet
2104 4029 2390 4108 propter
2445 4022 2635 4089 vani-
