3067 4525
455 213 552 285 40

450 416 657 498 legem
713 415 778 481 in
835 435 1021 480 uuam
1070 413 1465 495 eandemque
1512 413 1802 480 voculam
1849 413 2041 486 ‘esto‘
2104 416 2298 496 exire,
2339 414 2658 492 alteram,

450 539 747 619 tertiam,
816 543 1110 620 quartam
1169 536 1399 602 iisdem
1442 536 1655 603 verbis
1703 537 1788 606 ‘et
1842 537 1978 605 leoe‘
2043 538 2352 619 exordiri,
2428 537 2520 603 ita
2587 545 2661 603 ut

454 667 555 726 ter
620 659 939 724 efficiatur
1001 659 1169 725 idem
1244 658 1323 722 ab
1388 677 1518 722 una
1583 659 1648 722 in
1729 658 1995 722 alteram
2063 659 2273 740 legem
2347 661 2660 727 transitus

462 782 729 850 ‘ESTO.
852 779 972 848 ET
1061 777 1290 852 LEX‘.
1410 779 1550 856 Qua
1585 781 1648 844 in
1689 799 1756 844 re
1791 779 1932 844 fieri
1963 799 2090 844 non
2112 779 2343 861 potuit,
2394 782 2544 861 quin
2575 781 2654 845 11-

456 903 727 982 brarius,
774 902 982 966 minus
1007 900 1473 966 transcribendi
1522 899 1783 980 negotio
1831 899 2132 980 intentus,
2183 900 2497 964 consimili
2543 918 2662 965 seu
2986 949 3012 972 .

456 1023 683 1087 60116111
732 1021 1003 1086 transitu
1052 1021 1359 1100 deceptus
1420 1022 1498 1085 ab
1553 1040 1682 1084 una
1739 1020 1805 1083 in
1859 1019 2127 1084 alteram
2183 1020 2392 1101 legem
2458 1021 2662 1086 oculis

461 1144 826 1221 deerraret,
876 1141 1252 1220 adiungeret
1297 1147 1545 1220 postea,
1611 1159 1772 1222 quae
1817 1139 2032 1203 media
2095 1139 2437 1220 omiserat,
2482 1141 2662 1221 leges

458 1261 726 1326 dicimus
788 1262 1129 1326 secundam
1178 1267 1242 1326 et
1301 1261 1590 1340 tertiam,
1653 1261 1764 1341 iis,
1832 1260 2060 1340 quibus
2113 1259 2270 1324 nihil
2333 1278 2475 1323 611111
2532 1260 2662 1324 illis

457 1381 798 1447 intercedit
858 1381 1316 1461 similitudinis,
1411 1381 1778 1460 dirimeret,
1857 1399 2022 1460 quae
2092 1380 2464 1459 incorrupta
2529 1398 2663 1443 ser·

460 1502 668 1566 monis
713 1501 1084 1582 integritate
1132 1501 1343 1565 dirimi
1388 1518 1517 1563 non
1564 1499 1899 1563 debebant.

630 1621 815 1699 Quod
882 1621 1219 1703 quominus
1297 1621 1389 1685 ita
1462 1619 1702 1684 factum
1781 1639 1922 1684 esse
1999 1619 2492 1698 contendamus,
2579 1639 2664 1684 ne

458 1741 525 1806 id
602 1742 858 1822 quidem
936 1743 1231 1824 impedit,
1316 1742 1486 1823 quod
1561 1740 1626 1804 in
1709 1739 2053 1805 deterrimo
2127 1739 2340 1820 aliquo
2422 1740 2663 1820 codice,

457 1860 652 1940 Aug.,
734 1861 957 1925 eadem
1023 1863 1133 1929 illa
1208 1863 1312 1927 lex
1380 1867 1569 1926 aucta
1634 1860 1954 1925 nonnullis
2019 1859 2231 1924 verbis
2311 1859 2664 1940 exhibetur,

458 1978 628 2042 unde
677 1979 1144 2043 Schuetzius
1192 1986 1256 2042 et
1299 1981 1363 2043 in
1398 1982 1771 2046 melioribus
1816 1980 1996 2046 libris
2034 1978 2514 2059 interpolatoris
2557 1979 2663 2044 1116

459 2114 684 2160 manus
710 2102 1033 2176 grassatas
1082 2115 1221 2162 esse
1256 2098 1632 2178 suspicatur.
1681 2099 2028 2164 Videamus
2062 2099 2247 2178 enim,
2283 2118 2363 2162 116
2397 2097 2656 2161 nimium

461 2214 701 2280 tribuat
766 2215 865 2280 vir
934 2216 1336 2282 doctissimus
1394 2217 1724 2282 deterrimi
1767 2217 1914 2283 libri
1958 2217 2162 2299 nugis.
2256 2217 2369 2296 Qui
2411 2215 2642 2279 utinam
2999 2259 3012 2291 ,

462 2335 745 2416 dixisset,
792 2337 966 2401 illam
1011 2336 1217 2417 legem
1263 2335 1328 2399 111
1375 2336 1590 2418 aliquo
1637 2338 1799 2403 libro
1850 2339 2104 2403 omnino
2154 2358 2296 2404 esse
2341 2333 2642 2414 omissam,

461 2456 633 2520 haud
655 2456 785 2521 scio
821 2476 902 2521 an
920 2456 1123 2539 magis
1146 2475 1222 2522 ea
1241 2476 1311 2521 re
1336 2456 1671 2523 adiuturus
1696 2456 1890 2524 fuerit
1919 2458 2436 2540 interpolationis
2459 2454 2656 2537 suspi—

464 2576 729 2642 cionem.
820 2579 1095 2658 Etenim,
1147 2579 1587 2643 consentiente
1631 2579 1752 2642 hac
1817 2580 1882 2643 in
1928 2598 1999 2642 re
2046 2579 2327 2642 omnium
2374 2576 2663 2642 codicum

466 2699 885 2776 auctoritate,
961 2715 1168 2775 neque
1237 2697 1302 2758 id
1376 2697 1747 2775 cuiusquam
1823 2697 2126 2777 ponderis
2187 2716 2326 2761 esse
2387 2696 2665 2776 debebit,

469 2815 640 2896 quod
696 2813 736 2877 1.
792 2814 833 2878 1.
896 2814 1065 2893 apud
1112 2813 1486 2878 Ciceronem
1555 2820 1687 2879 tres
1749 2822 1994 2880 tantum
2065 2817 2242 2897 leges
2309 2817 2376 2880 in
2441 2816 2668 2880 eadem

466 2954 657 2999 causa
702 2932 1069 3013 afferuntur,
1120 2933 1296 2998 cuius
1356 2934 1513 2999 alias
1561 2952 1816 3015 quoque
1873 2936 1940 3001 in
1987 2956 2063 3000 ea
2107 2956 2178 3001 re
2225 2934 2672 3016 deprehenda-

462 3071 603 3117 mus
650 3053 1129 3133 discrepantias.

638 3174 764 3238 Sed
802 3173 995 3237 animi
1036 3191 1227 3237 causa
1261 3172 1691 3254 inspiciamus,
1727 3176 1845 3239 hac
1872 3176 1949 3239 de
1992 3194 2063 3239 re
2107 3173 2173 3257 (1.
2204 3173 2244 3238 1.
2271 3196 2331 3256 p.
2364 3174 2445 3241 17
2468 3176 2669 3258 med.)

466 3295 617 3376 quid
642 3294 846 3358 visum
893 3294 1434 3359 sitOstmanno.
1492 3295 1612 3372 Qui
1657 3302 1997 3376 postquam
2023 3296 2475 3376 interpolatam
2525 3316 2700 3379 esse⁴

464 3413 638 3479 illam
690 3414 929 3495 legem,
1000 3433 1188 3495 quam
1253 3417 1423 3497 apud
1488 3416 1617 3480 Cic.
1681 3415 1720 3477 1.
1784 3414 1825 3477 1.
1886 3412 2126 3479 frustra
2189 3434 2666 3496 quaereremuS,

468 3534 895 3601 Schuetzio
946 3536 1297 3615 concessit,
1370 3536 1448 3601 de
1511 3534 2028 3616 interpolationis
2095 3533 2273 3598 fonte
2331 3533 2491 3599 haec
2554 3536 2670 3598 ad-

468 3655 656 3720 didit:
708 3654 967 3733 ‘Atqui
1013 3654 1404 3735 videmus,
1454 3655 1846 3735 quomodo
1894 3653 2453 3733 interpolator
2497 3672 2668 3717 eam

470 3774 1027 3858 composuerit.
1099 3775 1467 3839 Prior-em
1508 3777 1826 3855 partem
1874 3793 1966 3837 ex
2012 3772 2438 3837 Ciceronis
2481 3776 2670 3860 „qni-

469 3899 626 3964 dam
687 3898 1029 3963 iudicatus
1095 3901 1195 3961 est
1259 3901 1614 3979 parentem
1680 3890 2048 3960 (ΜὊὶιιΙὶεεείί
2129 3900 2199 3957 et
2269 3890 2669 3955 Cornifici

476 4014 865 4083 >Malleolus
930 4015 1272 4082 iudicatus
1328 4017 1428 4077 est
1493 4018 1778 4079 matrem
1849 4004 2165 4077 necasse“
2234 4008 2663 4089 congessit,

806 4375 3012 4515 ffistm--ff---ffinl
