3067 4525
2465 161 2557 241 17

352 377 583 462 brarii,
645 380 722 444 de
767 376 1083 444 industria
1127 372 1533 461 interpolatis
1584 371 2152 455 coniunctionibus,
2201 391 2560 439 sermonem

356 503 668 584 aptiorem
714 500 991 564 reddere
1039 499 1164 563 sint
1213 495 1527 579 conati.*)
1595 496 1887 576 Denique
1936 495 2109 576 quod
2155 494 2379 559 Cicero
2426 493 2466 557 l.
2516 492 2556 556 l.

355 629 573 706 aperte
598 619 1008 686 Cornificium
1032 619 1319 683 imitatus
1341 618 1441 682 bis
1467 615 1800 697 usurpavit
1822 614 1998 678 illam
2027 615 2560 695 coniunctionem,

351 743 522 807 velut
590 743 751 810 ‘aut
798 759 930 827 pro
975 759 1052 807 re
1098 739 1443 822 hom-imm,
1502 743 1650 805 auc
1694 755 1830 822 pro
1871 736 2131 804 homine
2178 740 2361 820 rem‘,
2432 755 2561 801 non

344 863 511 927 tanti
560 880 701 927 esse
751 860 1035 939 debebit,
1100 865 1171 923 ut
1216 859 1602 940 recipiamus
1649 857 1940 923 voculam
2001 857 2235 923 nullius
2281 858 2403 922 nisi
2451 859 2561 922 de-

343 983 597 1047 terrimi
648 981 887 1046 codicis
936 980 1324 1044 auctoritate
1371 980 1597 1045 nisam.

522 1101 649 1164 Sed
714 1101 841 1166 iam
906 1103 987 1166 ad
1057 1120 1197 1165 eam
1259 1117 1396 1163 rem
1466 1101 1948 1179 aggrediamur,
2019 1117 2182 1180 quae
2245 1098 2558 1179 imprimis

353 1239 611 1285 causam
646 1223 829 1288 nobis
862 1222 1098 1303 intulit,
1148 1220 1351 1286 curin
1380 1219 1590 1300 ipsum
1617 1219 1784 1284 hunc
1815 1219 2027 1283 locum
2065 1218 2556 1300 inquireremus.

352 1338 578 1420 Neque
612 1340 774 1405 enim
808 1361 903 1422 ea,
954 1360 1119 1423 quae
1166 1347 1541 1422 sequuntur,
1590 1347 1766 1405 recte
1798 1341 1982 1408 nobis
2011 1339 2210 1405 fluere
2242 1339 2558 1420 videntur,

355 1478 737 1542 quamquam
763 1463 1081 1528 neminem
1106 1462 1313 1528 adhuc
1335 1461 1403 1526 in
1429 1461 1507 1525 iis
1548 1437 1890 1526 offendisse
1919 1461 2224 1526 videmus.
2271 1459 2562 1542 Namque

352 1581 529 1660 quod
598 1581 1023 1662 Kayserus
1090 1583 1289 1648 verba
1372 1579 1515 1649 ‘ant
1549 1582 1631 1649 de
1669 1585 1930 1650 minore
1974 1588 2096 1650 aut
2146 1583 2227 1649 de
2279 1578 2571 1649 maiore‘

349 1698 835 1779 interpolatoris
899 1703 1165 1767 alicuius
1226 1721 1426 1782 opera
1489 1720 1567 1766 ex
1613 1700 1739 1766 Cic.
1788 1701 1910 1766 inv.
1959 1703 2019 1783 I,
2080 1702 2191 1781 28,
2251 1701 2328 1765 41
2391 1702 2555 1766 med.

353 1819 480 1903 huc
524 1821 839 1884 translata
883 1840 1023 1885 esse
1070 1824 1459 1904 suspicatur,
1504 1822 1685 1886 nihili
1735 1841 1876 1886 esse
1924 1821 2118 1902 dicaS,
2166 1821 2401 1902 quippe
2450 1823 2558 1902 qui

366 1937 696 2003 Ciceronis
751 1940 947 2005 verba
1006 1941 1084 2004 ab
1144 1941 1261 2006 hac
1313 1963 1384 2008 re
1445 1962 1709 2026 prorsus
1768 1942 1978 2008 aliena
2039 1942 2347 2023 laudarit,
2415 1962 2558 2024 gra-

366 2058 689 2124 vissimum
742 2059 919 2125 illum
966 2062 1044 2127 de
1089 2063 1515 2132 insinuatione
1561 2067 1804 2146 locum,
1869 2065 1975 2146 qui
2037 2072 2134 2130 est
2181 2067 2352 2147 apud
2406 2085 2558 2132 eun-

364 2179 505 2242 dem
550 2180 608 2260 I,
675 2180 781 2261 17,
848 2180 932 2246 24
988 2189 1165 2265 extr„
1222 2185 1410 2266 plane
1456 2184 1828 2268 neglexerit.
1919 2185 2136 2266 Hunc,
2201 2185 2365 2251 hunc
2414 2187 2554 2254 dico

352 2300 590 2381 locum,
647 2302 1166 2383 interpolationis
1211 2306 1488 2389 fontem,
1561 2310 1612 2373 si
1674 2309 1930 2390 quidem
1979 2315 2074 2374 est
2119 2309 2554 2393 interpolatiO,

353 2420 727 2499 intellegere
776 2423 1066 2489 debebat.
1162 2428 1288 2493 Sed
1334 2436 1582 2494 tantum
1630 2431 1842 2509 abest,
1911 2435 1982 2493 ut
2027 2429 2146 2493 hac
2191 2430 2371 2495 inre
2420 2433 2556 2497 eius

362 2538 646 2619 vestigiis
691 2540 1079 2627 insistamus,
1150 2568 1401 2614 omnem
1445 2556 1517 2613 ut
1562 2549 2080 2628 interpolationis
2127 2551 2556 2629 suspicionem

364 2676 661 2723 amovere
728 2678 1041 2729 conemur.
1133 2666 1300 2743 Quid
1369 2671 1536 2735 enim
1609 2675 1740 2733 tam
1815 2672 1911 2732 est
1971 2668 2303 2747 probabile
2366 2688 2555 2751 quam

366 2780 645 2861 credere,
680 2780 1046 2850 Ciceronem
1093 2786 1152 2850 11.
1189 2788 1229 2851 1.
1269 2797 1341 2854 ut
1378 2792 1443 2855 in
1472 2810 1543 2856 re
1577 2809 1744 2856 nova
1787 2796 1852 2854 et
1898 2808 1936 2854 a
1963 2787 2301 2854 Cornificio
2347 2790 2553 2871 primo

362 2900 427 2963 in
470 2901 743 2967 medium
787 2905 1149 2988 prolata**)
1195 2909 1495 2991 religiose
1528 2916 1818 2975 nostrum
1855 2910 2232 2990 scriptorem
2269 2916 2555 2974 secutum

358 3040 528 3103 esse,
588 3023 681 3088 ita
726 3030 975 3106 tamen,
1033 3033 1105 3090 ut
1151 3046 1314 3109 quae
1360 3031 1468 3095 ille
1512 3048 1642 3094 una
1687 3028 2006 3094 sententia
2047 3028 2330 3093 breviter
2375 3030 2556 3095 stric-

354 3140 596 3223 timque
644 3144 892 3209 dixerat
937 3146 1139 3211 velut:
1190 3148 1332 3218 ‘auc
1367 3152 1752 3239 aliquorum
1795 3149 2114 3217 iudicium
2168 3149 2258 3216 de
2311 3150 2559 3217 simili

352 3280 623 3330 causa
703 3271 851 3332 aut
926 3267 1021 3334 de
1101 3272 1387 3338 eadem
1455 3276 1608 3339 aut
1678 3269 1769 3336 de
1840 3271 2162 3336 minore
2243 3275 2384 3337 aut
2465 3272 2554 3338 de

350 3385 664 3449 maiore
688 3384 1168 3471 proferemus‘,
1218 3389 1320 3455 hic
1351 3391 1479 3455 iam
1510 3389 1704 3453 latius
1747 3388 2190 3470 perscriberet,
2230 3390 2554 3472 usurpatis

349 3500 578 3566 iisdem
640 3501 775 3567 fere
839 3522 1003 3584 quae
1066 3509 1237 3589 apud
1282 3507 1690 3573 Cornificium
1752 3508 2261 3589 deprehenderat
2321 3511 2551 3590 verbiS,

556 3756 614 3824 1”)
653 3754 767 3820 Qua
811 3755 877 3791 ‘¹¹
916 3774 975 3812 re
1022 3761 1244 3817 uberius
1302 3763 1603 3833 disputavit
1640 3763 1918 3819 Simonius
1975 3764 2202 3835 libello,
2261 3766 2551 3821 vernacula

356 3836 553 3907 linguar
579 3840 669 3910 qui
705 3840 1051 3898 inscribitur:
1090 3846 1188 3901 Die
1210 3848 1630 3905 Handschriften
1653 3852 1751 3907 der
1768 3851 2032 3907 Rhetorik
2055 3869 2119 3907 an
2139 3852 2464 3911 Herennius,
2489 3854 2553 3911 ΙΙ.

356 3922 711 3997 Abtheilung.
785 3927 1096 4002 Programm
1134 3932 1233 3989 der
1268 3937 1318 3991 k.
1359 3935 1791 3993 Studienanstalt
1825 3938 2199 3995 schweinfurt
2237 3943 2384 3995 1864.

526 4014 607 4082 *Ὅ
646 4014 827 4072 Velim
865 4020 1135 4093 conferas,
1173 4039 1309 4093 quae
1347 4022 1586 4080 diximus
1623 4024 1676 4079 in
1717 4025 1888 4097 praef.
1925 4040 2049 4098 pag.
2087 4027 2115 4078 7
2153 4036 2273 4094 sqq.

2105 4132 2140 4169 02
