3067 4525
494 175 589 250 34

492 387 733 456 Oreste
786 393 1090 474 matrem,
1150 393 1461 462 convenil
1514 387 1677 460 mihi
1726 405 1890 460 cum·
1931 389 2409 477 advorsariz'3,·
2465 393 2728 468 iurene

482 507 727 591 fecerit
765 515 832 576 et
879 510 1236 581 licueritne
1285 512 1552 596 facere,
1612 511 1687 579 ic!
1739 519 1839 580 est
1891 515 1961 579 in
2015 513 2601 605 controversia‘j.

656 627 877 710 Neque
938 634 1108 697 unde
1169 639 1313 697 orta
1376 633 1460 698 sit
1524 630 1895 696 foedissima
1958 632 2069 696 illa
2133 635 2570 715 exemplorum
2640 639 2718 704 in

483 747 661 812 libris
718 750 1165 831 transpositiO,
1237 753 1346 816 diu
1398 752 1583 817 nobis
1631 751 1753 816 erit
1799 751 2252 832 quaerendum.
2346 755 2464 818 Est
2531 758 2714 830 enim

482 867 585 931 hie
622 886 875 950 quoque
914 871 1269 936 simillimus
1302 873 1480 937 locus
1510 872 1984 952 Ciceronianus,
2035 872 2117 935 ad
2155 873 2330 937 cuius
2378 875 2706 941 rationem

481 985 809 1053 falsarium
838 989 1136 1054 Cornifici
1183 993 1379 1056 verba
1424 993 1503 1057 ab
1552 1010 1676 1054 uno
1725 991 1789 1055 in
1837 991 2108 1057 alterum
2153 991 2367 1056 locum
2415 994 2552 1057 veri
2602 1001 2710 1058 est

484 1107 688 1172 simile
733 1109 1155 1173 transtulisse.
1208 1109 1527 1191 Scriptum
1568 1118 1665 1177 est
1712 1117 1925 1176 autem
1976 1111 2147 1190 apud
2197 1111 2569 1175 Ciceronem
2619 1113 2706 1178 de

480 1227 604 1291 inv.
625 1229 675 1308 Ι,
695 1227 893 1310 22,31
930 1229 1095 1293 med.
1157 1227 1375 1316 ‘Quae
1405 1235 1715 1317 partit—io,
1764 1233 1927 1318 qnid
1957 1234 2318 1298 conveniat
2367 1239 2487 1299 auc
2534 1235 2706 1318 quid

480 1365 613 1414 non
682 1353 1076 1436 conveniat,
1153 1351 1480 1437 ostendit,
1567 1351 1774 1420 haec
1831 1351 2086 1418 debet
2152 1349 2400 1436 illud,
2478 1356 2702 1438 quod

480 1473 902 1553 convenit,
950 1471 1393 1537 inclinare
1440 1471 1548 1537 ad
1583 1489 1783 1537 suae
1823 1489 2132 1538 causae
2171 1473 2690 1559 commodum,

476 1586 606 1654 lzoc
670 1590 910 1656 modo:
989 1588 1419 1671 interfectam
1484 1595 1766 1657 matrem
1833 1607 1980 1657 esse
2049 1610 2094 1656 a
2143 1590 2319 1676 Μία,
2382 1595 2694 1663 convenit

424 1698 443 1720 ”
476 1711 641 1777 milli
688 1728 838 1777 cum
892 1711 1344 1778 adversarii&
1455 1708 1619 1778 Item
1688 1718 1966 1778 contra:
2047 1708 2475 1792 interfectam
2543 1732 2694 1780 esse

484 1848 529 1901 a
606 1828 1148 1914 Clytaemnestra
1220 1832 1788 1917 Aqamemnonem
1873 1832 2204 1897 convenit.
2311 1829 2497 1898 Nam
2581 1833 2692 1900 hic

482 1954 763 2032 uterque
818 1954 883 2015 et
936 1951 1009 2015 id
1053 1952 1307 2046 posuit,
1365 1952 1548 2035 quod
1600 1949 2066 2033 conveniebat,
2129 1956 2194 2016 ec
2254 1957 2475 2018 lamen
2519 1969 2689 2018 snae

485 2085 742 2134 causae
809 2068 1155 2134 commodo
1226 2066 1611 2134 consuluit}
1719 2070 2069 2134 Praeteriit
2123 2068 2441 2136 hominem
2493 2069 2682 2134 falsa-

482 2186 647 2251 rium
694 2186 883 2251 aliam
932 2186 1257 2252 Ciceronis
1304 2187 1576 2251 docendi
1623 2205 1763 2252 esse
1809 2189 2162 2270 rationem,
2227 2189 2406 2252 aliam
2454 2186 2670 2248 Corni-

482 2306 617 2386 fici,
668 2326 937 2388 quorum
980 2307 1088 2371 ille
1137 2314 1199 2372 et
1244 2309 1325 2372 ad
1372 2309 1762 2373 accusatoris
1811 2314 1873 2372 et
1921 2308 2002 2371 ad
2051 2304 2392 2375 defensoris
2436 2320 2655 2367 munus

484 2426 762 2492 animum
815 2427 1182 2508 intendens,
1254 2426 1563 2509 quidquid
1631 2430 2040 2493 convenirent
2100 2430 2183 2493 ad
2242 2444 2387 2493 suae
2445 2422 2666 2503 cuique

486 2566 715 2612 causae
763 2549 1163 2613 commodum
1219 2548 1650 2612 inclinandum
1711 2567 1850 2613 esse
1909 2548 2346 2630 praeceperit,
2409 2545 2511 2609 hic
2569 2543 2678 2607 de-

482 2667 755 2733 fensoris
811 2668 1215 2751 potissimum
1283 2665 1562 2732 officium
1621 2668 1970 2748 respiciens
2028 2668 2349 2733 monuerit
2414 2672 2680 2744 tantum,

485 2805 609 2867 quo
657 2786 847 2849 modo
897 2787 1272 2851 ordiendum
1319 2804 1459 2851 esse
1506 2786 1858 2867 videretur,
1920 2788 1971 2851 si
2019 2787 2201 2851 utilia
2249 2786 2681 2865 convenirent,

486 2923 738 2988 quoque
783 2907 1005 2986 modo,
1070 2906 1122 2971 si
1181 2904 1591 2971 convenirent
1650 2922 1752 2986 ea,
1815 2926 1978 2987 quae
2032 2905 2217 2971 utilia
2271 2926 2402 2971 non
2449 2911 2680 2972 essent.

482 3026 567 3088 Et
614 3025 941 3091 Ciceronis
1000 3026 1255 3107 quidem
1316 3026 1469 3107 quid
1528 3025 1649 3090 sibi
1693 3027 1848 3091 velit
1890 3032 2331 3108 praeceptum,
2401 3025 2684 3107 quidque

477 3145 736 3209 valeant
780 3146 1087 3226 exempla,
1135 3163 1320 3210 nemo
1368 3145 1701 3211 dubitabit.
1760 3145 2155 3227 Quamquam
2199 3147 2469 3211 eundem
2505 3143 2686 3208 vide-

483 3285 623 3329 mus
665 3284 804 3329 cum
836 3265 1119 3348 emphasi
1167 3267 1459 3346 quadam,
1506 3264 1602 3330 rei
1649 3265 1946 3331 videlicet
1989 3267 2192 3347 magis
2237 3266 2432 3329 etiam
2469 3263 2686 3344 expla-

484 3388 732 3450 nandae
782 3404 990 3464 causa,
1038 3389 1355 3465 repetere,
1404 3385 1579 3467 quod
1625 3403 1818 3465 supra
1861 3384 1987 3447 iam
2032 3390 2396 3464 monuerat,
2445 3382 2684 3447 additis

484 3506 789 3589 exemplis
843 3505 1225 3570 firmaverat.
1317 3504 1545 3588 (Quem
1587 3505 1798 3567 locum
1843 3503 2104 3584 insuper
2148 3504 2436 3585 pluribus
2483 3502 2684 3565 inter-

483 3632 773 3710 pretatus
834 3633 930 3692 est
974 3624 1339 3691 Victorinus
1399 3625 1439 3689 l.
1486 3626 1525 3688 l.
1589 3644 1650 3705 p.
1702 3620 1783 3688 64
1830 3623 1944 3688 sub
1990 3622 2125 3707 fin.)
2236 3624 2362 3689 Sed
2427 3621 2681 3701 accidit,

470 3755 583 3829 ut,
645 3766 807 3829 quae
861 3746 928 3811 in
974 3746 1301 3813 Ciceronis
1363 3742 1634 3826 docendi
1678 3743 1929 3807 ratione
1993 3743 2152 3809 nihil
2194 3744 2434 3809 habent
2483 3738 2682 3805 offen-

484 3869 711 3949 sioniS,
777 3867 1028 3947 eadem,
1091 3864 1403 3929 translata
1459 3864 1526 3927 in
1573 3863 2042 3947 discrepantem
2093 3863 2299 3929 nostri
2347 3858 2682 3940 scriptoris

486 3996 707 4067 artem,
757 3986 1009 4050 omnino
1055 3984 1212 4049 ferri
1254 4002 1384 4047 non
1426 3981 1691 4062 possint.
1738 3982 2151 4062 Refugiamus
2186 3983 2382 4061 igitur
2416 3980 2497 4042 ad
2531 3995 2684 4059 pro-

483 4108 621 4195 pos‘
1024 4101 1457 4199 exemplorum
1501 4101 2083 4183 transpositionem.
2615 4111 2618 4112 ’
