3067 4525
2565 240 2652 318 13

452 447 593 512 toto
625 461 837 512 rerum
870 451 1172 514 contextu
1200 441 1542 514 Cornificio
1592 443 1982 531 dignissima,
2030 469 2105 515 ex
2137 446 2284 514 Ioco
2323 447 2426 514 vel
2457 449 2656 516 inter-

453 571 744 651 polatore
789 572 1053 652 indigna
1114 570 1299 636 nobis
1363 571 1660 653 praeberi
1719 571 2130 656 perspicuum
2196 577 2322 651 est,
2391 572 2514 636 erit
2575 573 2653 636 de

450 693 1073 772 transpositionibus,
1165 692 1416 756 Accidit
1466 692 1664 771 enim,
1728 697 1832 772 ut,
1896 691 1949 756 si
2005 692 2072 755 in
2129 710 2312 755 suum
2369 692 2649 772 quidque

452 811 661 875 locum
705 811 1200 892 restituerimus
1246 811 1404 875 nihil
1451 810 1723 892 amplius
1766 811 1950 876 nobis
1998 811 2082 876 sit
2127 809 2482 876 offensioni.

621 931 799 1007 Quae
844 938 1191 1013 postquam
1226 931 1789 1012 praemunivimus,
1837 932 1966 996 iam
1998 933 2174 1012 ipsos
2209 932 2654 1012 aggrediamur

445 1051 625 1115 locos
670 1053 1011 1116 verborum
1057 1048 1673 1132 transpositionibus
1731 1050 2010 1114 vitiatos
2075 1049 2231 1142 ‚Sed
2297 1050 2388 1113 ita
2450 1051 2653 1114 visum

452 1178 549 1236 est
594 1173 929 1238 instituere
978 1172 1440 1255 quaestionem,
1486 1175 1560 1232 ut
1603 1188 1732 1232 non
1780 1170 1987 1234 solum
2029 1169 2098 1234 in
2141 1188 2324 1234 suum
2372 1171 2653 1252 quidque

450 1296 662 1361 locum
706 1296 1088 1361 restituendi
1132 1313 1399 1359 munere
1446 1293 1887 1375 fungeremur,
1937 1291 2050 1356 sed
2097 1291 2462 1372 diligentius
2509 1312 2655 1357 exa-

450 1419 766 1482 minantes
851 1417 1183 1499 scriptoris
1264 1422 1329 1480 et
1408 1417 1606 1482 verba
1685 1419 1750 1478 et
1819 1412 2168 1477 sententias
2235 1413 2522 1493 pluribus
2589 1415 2655 1479 in

447 1537 709 1620 singulis
779 1538 941 1602 locis
1010 1555 1580 1616 commoraremur,
1666 1553 1792 1614 quo
1869 1534 2072 1615 magis
2135 1541 2510 1615 appareret,
2590 1541 2654 1598 et

446 1679 609 1742 quae
658 1665 829 1724 esset
878 1677 1100 1722 eorum
1156 1663 1416 1736 natura,
1479 1673 1770 1737 quaeque
1831 1671 2062 1718 causae
2109 1652 2191 1716 ad
2236 1659 2655 1736 transponen-

450 1783 600 1862 dum
654 1799 775 1844 nos
822 1777 1301 1858 compellerent.
1388 1775 1524 1840 Nec
1594 1775 1674 1838 ad
1735 1774 2074 1838 verborum
2119 1778 2371 1836 tantum
2414 1773 2655 1854 placuit

453 1899 733 1964 animum
780 1897 1117 1961 advertere
1177 1893 1739 1974 transpositiones,
1809 1894 1922 1958 sed
1979 1911 2400 1976 quaecunque
2462 1895 2652 1961 etiam
2761 1941 2770 1946 -

453 2017 582 2082 alia
616 2016 742 2080 illis
780 2016 940 2081 locis
977 2013 1596 2096 deprehenderemus
1641 2020 1752 2077 aut
1794 2014 2027 2079 vitiosa
2055 2021 2182 2102 ‘aut
2224 2023 2540 2098 suspecta,
2589 2017 2653 2082 in

450 2156 526 2202 ea
570 2145 633 2201 et
673 2137 814 2218 ipsa
860 2137 1071 2202 animo
1119 2134 1569 2217 proposuimus
1615 2134 1944 2215 inquirere
1992 2139 2074 2214 et,
2124 2142 2429 2215 quantum
2480 2143 2651 2201 esset

445 2257 511 2321 in
557 2257 773 2338 nobiS,
837 2254 1121 2339 singulos
1166 2255 1345 2321 locos
1394 2256 1754 2322 emendare.
1845 2256 2050 2336 quue
2099 2277 2175 2322 eo
2221 2258 2422 2340 magis
2467 2259 2652 2325 nobis

446 2376 857 2456 condonabis,
909 2378 1113 2458 quod,
1176 2377 1245 2441 ni
1293 2377 1664 2442 convenerit
1722 2379 1800 2442 de
1861 2378 2072 2444 verbis
2138 2379 2318 2462 ipsis,
2392 2378 2650 2444 difficile

447 2496 577 2559 iam
621 2494 817 2560 fuerit
865 2498 1193 2579 disputare
1241 2498 1320 2562 de
1368 2516 1592 2561 eorum
1635 2474 2258 2579 transpositionibus.
2347 2499 2652 2581 Disputa-

449 2617 645 2682 tionis
693 2624 907 2683 autem
956 2638 1099 2683 eum
1149 2620 1441 2687 ordinem
1488 2620 1984 2701 observabimuS,
2031 2627 2100 2685 ut
2144 2639 2359 2685 rerum
2398 2640 2470 2685 ac
2509 2639 2651 2684 ver-

448 2739 675 2802 borum
724 2738 988 2819 seriem,
1058 2745 1366 2820 quantum
1432 2738 1568 2805 eius
1614 2739 1754 2806 fieri
1797 2742 2068 2823 poterit,
2133 2741 2524 2805 retineamus
2587 2746 2652 2804 et

448 2876 562 2922 suo
612 2857 889 2939 quidque
934 2859 1077 2923 loco
1126 2859 1550 2925 absolvamus.

1347 3118 1616 3200 Liber
1673 3118 1742 3199 Ι.

615 3306 664 3388 I,
715 3308 771 3389 6,
820 3306 858 3373 9
905 3315 1052 3391 post
1097 3308 1181 3375 in.
1237 3306 1421 3375 ‘Tria
1464 3315 1623 3376 suut
1667 3314 1995 3398 tempora,
2051 3310 2121 3376 iu
2160 3307 2401 3393 quibus
2429 3315 2644 3398 priu-

444 3438 623 3523 ce‘pz'o
679 3439 780 3505 uti
830 3456 963 3505 nou
1024 3457 1427 3531 possumuS,
1504 3456 1680 3525 quae
1752 3438 2112 3524 diliqeuter
2181 3443 2341 3505 suut
2407 3445 2644 3509 cousi-

446 3566 799 3631 derauda:
864 3572 987 3633 aut
1038 3586 1237 3653 quom
1293 3575 1558 3655 turpem
1611 3586 1896 3636 causam
1945 3566 2286 3653 lla-bemuS,
2341 3568 2470 3636 hoo
2523 3576 2640 3654 est,

446 3712 643 3781 quom
710 3696 868 3781 ipsa
953 3714 1066 3763 res
1138 3698 1430 3765 animum
1517 3699 1860 3765 auditoris
1943 3715 1990 3763 a
2065 3696 2261 3765 uobis
2341 3698 2644 3779 alienat,⁸

446 3829 569 3892 aut
621 3842 819 3910 quom
871 3827 1136 3891 animus
1192 3826 1529 3892 auditoris
1581 3842 1961 3911 persuasus
2025 3842 2172 3891 esse
2233 3826 2498 3893 videtur
2553 3826 2640 3894 ab

445 3953 557 4038 iis,
626 3956 743 4040 qui
794 3958 951 4020 ante
1004 3959 1249 4020 contra
1305 3954 1672 4036 disemum,-
1743 3960 1866 4022 auc
1927 3972 2126 4040 quom
2179 3954 2488 4037 defessus
2541 3962 2644 4025 esc

446 4102 561 4155 eos
616 4082 988 4165 audieudO,
1062 4081 1180 4164 qui
1239 4083 1395 4145 ante
1468 4082 1810 4148 dixerunt.
1914 4079 1994 4144 Si
2055 4098 2274 4145 causa
2329 4084 2638 4166 turpitu-
