3067 4525
466 263 561 340 36

478 541 483 550 ,
634 466 761 532 Sed
804 465 933 530 iam
980 463 1061 528 ad
1108 459 1299 527 aliam
1342 475 1481 526 rem
1527 466 1947 526 transeamus.
2019 449 2424 538 Scripserunt
2471 459 2538 518 et
2585 447 2668 517 de

465 587 918 666 controversia,
969 605 1045 652 ex
1088 581 1580 649 ratiocinatione
1612 599 1775 661 quae
1807 583 2198 657 nasceretur,
2246 574 2381 640 fere
2411 574 2668 638 eadem:

606 721 841 787 Cornif.
902 723 951 803 I,
1000 721 1100 802 13,
1148 721 1231 786 23
1276 719 1360 784 in.
1715 717 1842 783 Cic,
1893 717 1972 780 de
2031 715 2154 778 inv.
2203 713 2285 793 ΙΙ,
2353 711 2455 792 50,
2521 710 2667 776 148.

574 851 705 920 ‘Eoe
771 853 1300 920 ratiocinatione
1364 866 1525 914 con·
1711 845 1839 914 Ἕω·
1924 843 2460 913 ratiocinatione
2529 855 2673 906 na-

469 983 817 1051 trovorsia
845 984 1138 1064 constat,
1180 951 1530 1065 ·quomres
1567 1006 1574 1135 ἱ
1605 979 1820 1044 scitur
1853 971 2348 1059 controversia,
2406 985 2556 1034 cum
2581 985 2670 1032 ex

470 1114 614 1179 sine
663 1111 963 1198 propria
1019 1107 1162 1194 leqe
1231 1110 1411 1175 venit
1464 1109 1533 1173 in
1607 1123 1707 1189 e0,
1759 1102 1944 1190 quod
1969 1102 2235 1188 uspiam·
2274 1105 2396 1186 est,
2453 1097 2548 1163 ad
2579 1097 2670 1179 ict,

474 1241 826 1323 iudicium,
904 1255 1079 1323 quae
1152 1240 1374 1303 tamen
1447 1235 1533 1301 ab
1610 1233 1792 1320 quod
1817 1248 2151 1316 nusquam
2184 1228 2514 1312 scriptum
2553 1229 2675 1308 est,

474 1370 633 1436 aliis
732 1366 990 1452 teqibus
1105 1365 1539 1432 similitudine
1615 1365 1908 1442 venitur,
1966 1360 2094 1428 hoc
2143 1363 2394 1444 pacto:
2458 1354 2680 1420 Lex.-

481 1497 781 1582 quadam
834 1498 1239 1578 occupatur.
1299 1490 1404 1559 Ea
1441 1500 1542 1560 est
1614 1490 1693 1559 Si
1705 1489 2016 1573 furiosus
2043 1489 2278 1568 escit,
2303 1483 2680 1569 actqnatum

476 1625 674 1694 lintius
747 1622 975 1690 modi:
1054 1622 1166 1688 lese
1240 1627 1405 1687 est:
1480 1622 1544 1687 si
1616 1617 2092 1707 qentiliumque
2135 1617 2204 1682 in
2243 1631 2320 1680 eo
2346 1614 2682 1699 pecunia-

476 1756 786 1840 furiosus
841 1755 1193 1835 existet,
1270 1751 1546 1837 adana·
1620 1768 1745 1836 que
1799 1750 1942 1816 eius
1993 1749 2298 1834 potestas
2352 1746 2518 1809 esto.
2595 1743 2686 1811 Et

482 1892 619 1952 tum
672 1882 1143 1969 pentiliumque
1187 1882 1258 1946 in
1300 1898 1379 1947 eo
1408 1898 1545 1966 pe-
1622 1882 1776 1948 lese.-
1805 1872 2322 1958 Paterfamilias
2350 1871 2452 1937 uti
2476 1891 2683 1958 super

486 2013 821 2092 cuniaque
853 2011 996 2074 eius
1035 2011 1347 2091 potestas
1382 2015 1546 2073 esto.
1618 2007 1887 2092 familia
1927 2005 2349 2091 pecuniaque
2393 2022 2522 2070 sua
2575 2003 2678 2069 le-

488 2136 595 2203 Et
652 2136 834 2201 lea-'s
904 2137 1047 2219 qui
1106 2139 1552 2219 parentem
1623 2138 1930 2222 qassit,
2004 2137 2103 2201 ita
2172 2135 2279 2200 ius
2349 2139 2508 2200 esto.
2589 2128 2678 2194 Et

490 2283 851 2333 necasse
890 2266 969 2331 iu
988 2265 1323 2332 dicatus
1364 2266 1490 2331 eri
1502 2268 1548 2346 t,
1627 2267 1777 2332 lese.-
1833 2264 1911 2331 Si
1955 2261 2450 2349 paterfamiliae
2491 2264 2664 2327 inle-

490 2400 578 2461 ut
617 2396 644 2460 i
660 2412 694 2459 s
733 2392 1189 2460 obvolutus
1233 2397 1309 2459 et
1350 2391 1551 2459 obli-
1627 2401 1806 2463 stato
1863 2396 2178 2478 moritur,
2232 2391 2490 2476 familia
2538 2408 2665 2477 pe-

490 2528 735 2610 qatus
791 2525 1033 2589 corio
1091 2522 1552 2591 devehatur
1627 2527 1958 2610 cuniaque
2065 2525 2207 2589 eius
2315 2522 2682 2608 actqnatum

492 2656 573 2721 in
623 2652 1190 2740 profluentem.
1258 2652 1346 2720 Et
1400 2652 1556 2719 leat:
1626 2653 2096 2741 qentiliumque
2154 2650 2354 2719 esto.‘

492 2789 695 2871 pater
776 2782 1085 2865 famitias
1166 2783 1269 2847 uti
1350 2798 1556 2865 super
2129 2774 2138 2787 ’

494 2912 764 2996 familia
810 2912 1187 2997 pecuniave
1241 2927 1371 2976 sua
1440 2910 1555 2976 le—

498 3042 887 3128 qaverit‚
958 3042 1057 3107 ita
1092 3041 1196 3105 ius
1251 3048 1417 3108 esto.
1473 3036 1561 3104 Et

503 3169 657 3236 lese:
728 3169 793 3235 si
852 3166 1365 3253 paterfamilias
1442 3170 1558 3233 in-

504 3303 792 3365 testatus
873 3299 1199 3383 moritur,
1292 3295 1560 3379 familia

500 3432 925 3516 pecuniaque
979 3430 1123 3495 eius
1194 3427 1564 3511 adqnatum-

505 3559 979 3646 qentiliumque
1034 3554 1223 3623 esto‘.

679 3736 823 3802 Non
870 3739 1164 3803 convenit
1236 3738 1405 3803 inter
1466 3739 1860 3804 recentiores
1922 3737 2236 3819 editoreS,
2307 3744 2566 3802 rectene
2633 3756 2704 3801 se

508 3859 787 3925 habeant
811 3858 1044 3923 Cornif.
1072 3860 1285 3949 verba,
1334 3878 1496 3939 quae
1523 3860 1685 3923 miro
1720 3859 1890 3937 inter
1936 3878 2004 3925 se
2031 3877 2346 3924 consensu
2393 3858 2476 3920 ad
2503 3876 2702 3921 unum

512 3972 645 4042 fere
694 3997 912 4043 omnes
960 3978 1257 4041 exhibent
1298 3978 1447 4043 libri
1489 3993 1682 4041 manu
1729 3979 1967 4059 scripti.
2047 3976 2300 4040 Placuit
2342 3976 2462 4039 hac
2511 3976 2708 4041 etiam

515 4097 581 4159 in
628 4095 1470 4200 quaestiuneplnAEJ-oficisqi
1518 4116 1558 4161 a
1600 4098 1925 4179 Kayseri
1972 4094 2271 4173 editione,
2317 4090 2409 4159 ita
2444 4100 2516 4157 ut
2553 4094 2712 4158 etin
