3067 4525
386 295 480 368 50

379 499 590 563 locum
633 493 1060 560 restitutionis
1103 492 1276 558 haud
1323 491 1453 558 scio
1501 507 1583 556 an
1626 487 1785 554 haec
1818 487 2011 556 fuerit
2040 509 2249 572 causa,
2298 495 2471 575 quod
2518 501 2582 561 et

379 619 444 684 in
479 615 922 702 propositione
943 613 1332 679 infirmitatis
1359 611 1539 694 prius
1578 627 1767 691 quam
1798 611 2099 678 vanitatis
2120 615 2363 680 mentio
2408 615 2579 682 facta

361 744 541 816 ,erat,
587 737 678 802 ita
723 741 794 800 ut
839 754 968 800 non
1011 739 1298 800 moratus
1345 731 1673 808 librariuS,
1734 729 1920 811 plura
1962 731 2252 802 infirmae
2310 738 2571 804 rationis

381 857 672 938 exempla
725 873 927 922 vanae
993 851 1260 918 rationis
1336 851 1802 932 expositionem
1864 853 2202 936 subsequi,
2270 857 2437 937 quod
2500 856 2563 921 in

377 976 666 1058 margine
687 976 1049 1056 exemplum
1074 974 1354 1055 legisset,
1402 971 1470 1035 id
1499 970 1683 1052 quasi
1712 990 1907 1038 unum
1934 979 2123 1054 esset,
2170 974 2389 1056 priore
2428 975 2569 1039 loco

381 1098 446 1162 in
500 1104 744 1162 textum
791 1095 1228 1177 recipiendum
1277 1109 1418 1158 esse
1467 1090 1909 1158 arbitraretur.
1996 1093 2135 1172 Qua
2196 1095 2262 1160 in
2314 1114 2387 1160 re
2440 1094 2581 1160 fieri

381 1237 512 1283 non
557 1218 786 1299 potuit,
855 1217 1007 1298 quin
1065 1214 1382 1297 particula
1439 1216 1655 1298 ‘itemss
1704 1230 1830 1292 qua
1876 1212 2149 1279 alterum
2192 1213 2580 1280 infirmitatis

383 1336 740 1420 exemplum
812 1337 1205 1418 adiungitur,
1285 1336 1474 1419 plane
1550 1335 2192 1418 praetermitteretur,
2266 1333 2583 1400 restitutis

383 1457 612 1522 deinde
680 1475 758 1520 cx
821 1455 1105 1534 margine
1177 1453 1302 1518 illis
1357 1453 1604 1534 verbiS,
1682 1461 1747 1519 et
1804 1456 1945 1537 ipsa
2010 1453 2312 1520 facillima
2372 1475 2584 1520 emen-

383 1576 643 1642 datione
670 1573 1087 1639 coniecturali
1132 1590 1247 1638 suo
1274 1573 1416 1637 loco
1463 1574 1844 1640 redderetu‘r
1879 1577 1971 1640 ita
2022 1583 2255 1657 tamen,
2300 1582 2371 1640 ut
2416 1594 2585 1640 nunc

383 1695 612 1762 suffixa
658 1714 848 1777 quam
908 1694 1086 1760 aiunt
1143 1690 1372 1758 vocula
1451 1710 1579 1779 que
1642 1702 1829 1760 aucta
1872 1695 1939 1759 in
1986 1694 2359 1761 melioribus
2402 1695 2586 1762 libris

385 1814 709 1881 offeratur.
757 1815 853 1880 Ne
882 1821 1094 1879 autem
1117 1813 1226 1878 diu
1253 1812 1479 1878 dubius
1511 1814 1617 1894 sis,
1667 1814 1823 1897 quid
1868 1813 2071 1894 magis
2093 1814 2241 1879 huic
2264 1814 2406 1879 loco
2435 1833 2587 1879 con-

387 1936 621 2016 veniat,
686 1955 827 2000 cum
896 1943 959 2001 et
1041 1936 1325 2019 itemque
1419 1939 1483 1997 et
1584 1935 1743 2001 icem
1838 1934 1906 1997 in
1966 1933 2147 1999 libris
2214 1934 2585 2000 coniectura

387 2057 752 2135 quaesitum
775 2071 914 2116 esse
933 2053 1245 2129 videatur,
1271 2053 1588 2117 restitutis
1611 2054 1737 2118 iam
1763 2056 1829 2120 in
1855 2073 2036 2120 suum
2056 2054 2346 2120 ordinem
2374 2074 2585 2120 exem-

381 2174 524 2254 plis,
550 2173 978 2240 recentiorum
1015 2172 1324 2238 librorum
1347 2172 1526 2256 item,
1549 2190 1673 2252 quo
1710 2175 1922 2239 omnia
1963 2176 2262 2257 deinceps
2296 2175 2581 2240 eiusdem

383 2295 636 2379 generis
693 2293 983 2374 exempla
1025 2292 1530 2373 introducantur,
1580 2294 1879 2375 quodque
1925 2296 2094 2361 idem
2134 2297 2572 2379 Langenius

384 2434 462 2478 ex
507 2414 728 2479 codice
773 2412 1265 2478 Monasteriensi
1328 2412 1368 2476 1.
1439 2413 1478 2476 l.
1552 2414 1917 2493 nuperrime
1964 2416 2391 2499 exscripserit,
2436 2436 2575 2499 pro-

383 2533 528 2615 pius
593 2535 820 2599 abesse
855 2553 906 2597 a
949 2531 1222 2597 veritate
1270 2551 1492 2599 omnes
1538 2534 1729 2599 nobis
1774 2536 2222 2600 assentientur.

557 2655 684 2719 Sed
726 2654 854 2717 iam
901 2657 1162 2715 monent
1206 2652 1593 2733 praescripti
1636 2652 1784 2717 huic
1832 2655 2137 2734 opusculo
2183 2654 2438 2733 limites,
2504 2673 2585 2718 ne

380 2773 634 2853 longius
679 2789 813 2834 rem
855 2787 1334 2849 persequamur,
1383 2788 1572 2849 quam
1620 2774 1699 2837 ob
1746 2791 1901 2851 rem,
1951 2791 2115 2853 quae
2161 2775 2289 2839 alia
2332 2794 2477 2839 cum
2518 2774 2589 2837 in

379 2893 502 2957 hoc
546 2891 710 2954 libro
757 2896 892 2952 tum
938 2888 1002 2951 in
1049 2888 1240 2953 tertio
1290 2896 1356 2954 et
1404 2898 1633 2971 quarto
1694 2893 1882 2957 huius
1938 2893 2093 2959 artis
2136 2892 2317 2959 libris
2364 2900 2587 2958 enota-

380 3010 605 3088 vimus,
655 3007 762 3071 alii
810 3014 873 3073 et
917 3008 1193 3089 tempori
1241 3015 1306 3073 et
1352 3009 1494 3075 loco
1544 3029 1965 3079 reservemus·

383 3280 560 3318 vana
599 3262 919 3333 ratione,
961 3281 1023 3317 ea
1067 3264 1442 3335 inurchetypo
1479 3264 1659 3337 primo
1698 3267 1906 3325 omissa
1948 3274 2137 3339 postea
2176 3267 2244 3321 ad
2281 3266 2586 3336 marginem

385 3348 659 3417 adscripta
723 3363 851 3402 esse
906 3348 1105 3403 videri.
1179 3349 1288 3403 Sed
1343 3365 1450 3404 non
1507 3367 1677 3405 vanae
1730 3352 1862 3406 sed
1902 3353 2236 3408 infirmae
2278 3351 2587 3407 rationis

383 3431 613 3503 aliquod
650 3433 958 3504 exemplum
994 3433 1274 3490 excidisse
1311 3440 1366 3488 et
1402 3435 1983 3491 homoeoteleuti
2006 3452 2033 3491 s
2074 3437 2267 3492 factam
2302 3452 2428 3492 esse
2450 3454 2586 3491 ver-

386 3518 578 3573 borum
615 3519 1099 3589 transpositionem
1133 3520 1438 3590 Langenius
1475 3534 1587 3575 non
1626 3521 1910 3576 recusabit
1946 3523 2109 3578 nobis
2150 3522 2473 3578 concedere.

1285 3798 1695 3808 ——ss—
