3067 4525
2533 232 2627 306 37

433 443 661 527 quibus
706 444 896 508 rebus
943 443 1406 509 assentiremur
1451 442 1538 522 ei,
1605 438 2010 506 dissentienti
2068 439 2147 504 ab
2216 436 2387 518 aliis,
2455 442 2518 501 et
2563 435 2629 500 in

433 567 659 648 quibus
713 563 836 645 ipsi
900 562 958 627 ei
1015 582 1146 627 non
1203 563 1770 643 adstipularemur,
1851 560 2137 641 quamvis
2207 556 2628 624 consentienti

433 706 572 752 cum
619 685 778 764 aliis,
827 684 892 746 in
942 702 1019 747 ea·
1063 683 1278 752 omnia
1323 682 1689 764 diligentius
1735 682 2220 762 inquireremus,
2638 685 2643 690 ’

600 806 685 868 Et
730 795 1005 884 primu'm
1053 803 1309 884 quidem
1352 802 1923 884 reprehendendus
1967 806 2064 866 est
2109 800 2243 880 ille,
2315 799 2423 881 qui
2488 818 2629 864 cum

427 925 749 992 veteribus
775 923 963 988 huius
993 924 1150 988 artis
1183 924 1535 990 editoribus
1560 923 1626 987 in
1653 922 1861 1005 prima
1881 921 2023 1001 lege
2053 903 2625 1000 commemoranda,

431 1063 594 1126 quae
616 1049 741 1110 est:
785 1043 919 1112 ‘lex
956 1051 1094 1113 est:
1146 1046 1210 1110 si
1255 1043 1569 1127 furiosus
1607 1045 1851 1111 escislec
1886 1038 2058 1128 sqq.‘
2118 1059 2193 1104 ex
2247 1039 2630 1105 deterrimae

433 1163 738 1244 cuiusque
782 1171 976 1230 notae
1022 1167 1345 1231 codicibus
1381 1163 1785 1229 retinendum
1821 1162 1941 1227 sibi
1974 1161 2217 1243 putarit
2268 1180 2406 1226 esse
2456 1162 2629 1226 auxi-

430 1282 589 1348 liare
633 1286 898 1351 verbum
943 1291 1063 1354 est.
1115 1287 1510 1365 Quamquam
1537 1284 1702 1348 enim
1739 1301 1820 1346 ne
1854 1300 1971 1346 nos
2010 1280 2266 1362 quidem
2300 1300 2627 1362 negamus,

429 1405 632 1485 magis
688 1405 872 1470 nobis
933 1405 1218 1470 arridere
1261 1406 1460 1469 verba
1514 1405 1757 1468 inserta
1820 1422 2008 1483 quam
2066 1401 2302 1466 omissa
2365 1402 2476 1466 illa
2519 1422 2631 1467 vo-

433 1524 606 1602 cula,
675 1531 737 1588 et
794 1524 967 1589 facili
1011 1524 1272 1604 negotio
1319 1523 1459 1588 fieri
1504 1523 1827 1604 potuisse,
1890 1529 1962 1587 ut
2026 1541 2101 1586 ea
2156 1540 2275 1602 per
2335 1541 2631 1602 compen-

435 1643 606 1707 dium
665 1646 731 1708 in
795 1644 958 1711 libro
1031 1641 1376 1724 archetypo
1441 1643 1680 1722 scripta
1737 1643 2156 1722 proximoque
2218 1640 2459 1705 nomini
2521 1642 2631 1707 ad-

436 1766 654 1829 iuncta
678 1765 1102 1840 omitteretur,
1132 1767 1380 1826 tantum
1406 1769 1622 1825 tamen
1655 1761 1854 1839 abest,
1901 1767 1972 1823 ut
1997 1761 2156 1842 Kay
2172 1762 2324 1826 seri
2344 1762 2631 1843 vestigiis

432 1883 820 1962 insistamuS,
867 1889 939 1946 ut
973 1882 1399 1947 deterioribus
1430 1879 1753 1945 codicibus
1781 1879 1847 1942 in
1878 1897 1955 1942 ea
1984 1898 2055 1944 re
2085 1869 2337 1946 emnerii
2368 1901 2631 1964 prorsus

435 2002 884 2066 auctoritatem
923 2003 1355 2082 abrogandam
1390 2018 1530 2064 esse
1566 1999 2016 2079 existimemus,
2065 2001 2301 2081 quippe
2336 2002 2444 2084 qui
2474 2002 2631 2066 nihil

433 2122 783 2202 praebeant
826 2123 950 2186 nisi
994 2140 1236 2184 meram
1283 2119 1455 2184 docti
1501 2118 1769 2183 alicuius
1794 2118 1913 2182 viri
1950 2120 2383 2185 coniecturam
2421 2140 2629 2202 neque

435 2258 574 2304 eam
620 2240 1038 2319 probabilem.
1129 2240 1330 2305 Immo
1379 2257 1530 2305 vero
1582 2257 1722 2304 cum
1771 2241 2196 2307 consentienti
2243 2242 2629 2323 optimorum

428 2357 740 2423 librorum
771 2360 1156 2425 auctoritate
1185 2365 1319 2424 tum
1342 2360 1469 2425 Cic.
1507 2362 1651 2425 loco
1694 2358 2012 2425 simillimo
2061 2360 2237 2425 iuxta
2283 2362 2627 2443 adscriptO,

433 2480 539 2559 qui
589 2485 652 2543 et
697 2480 835 2560 ipse
884 2486 1099 2543 careat
1142 2480 1255 2543 illa
1297 2479 1554 2558 vocula,
1626 2481 2099 2561 compellimur,
2162 2500 2243 2544 ne
2306 2458 2459 2560 quid
2503 2482 2629 2547 illis

434 2599 875 2663 concedamus.
965 2597 1221 2661 Etenim
1270 2615 1434 2676 quae
1481 2596 1733 2660 dicendi
1771 2598 1936 2661 ratio
1973 2598 2039 2662 in
2074 2603 2630 2665 commemoranda

333 2798 338 2803 .
433 2719 655 2783 eadem
700 2719 841 2799 lege
886 2717 1203 2782 neminem
1222 2732 1502 2795 unquam
1530 2714 1796 2781 offendit
1843 2718 2013 2798 apud
2044 2717 2436 2799 Ciceronem,
2487 2739 2627 2785 eam

431 2856 559 2901 non
605 2857 722 2919 par
769 2845 865 2903 est
912 2839 1082 2919 apud
1128 2842 1416 2927 nostrum
1462 2837 1687 2901 haberi
1729 2839 2121 2903 mendosam.

604 2958 828 3039 Neque
875 2958 954 3022 de
1000 2957 1079 3021 iis
1123 2955 1362 3034 verbis,
1435 2974 1599 3036 quae
1646 2956 1815 3035 apud
1859 2962 2199 3038 utrumque
2248 2958 2625 3039 scriptorem

433 3079 922 3158 subsequuntur,
952 3077 1016 3140 in
1041 3092 1236 3139 unum
1263 3073 1542 3137 omnium
1570 3082 1926 3155 congruunt
1958 3078 2329 3143 sententiae.
2379 3078 2629 3143 Accidit

435 3196 630 3277 enim,
697 3203 769 3260 ut
828 3197 894 3260 in
951 3194 1174 3260 eadem
1233 3193 1344 3257 illa
1387 3192 1530 3273 lege
1575 3194 1897 3258 laudanda
1943 3194 2166 3261 Cicero
2228 3197 2478 3279 priscae
2536 3200 2629 3263 la-

433 3315 705 3381 tinitatis
725 3316 995 3379 formam
1036 3314 1252 3382 ‘escit‘
1293 3313 1360 3397 (i.
1385 3333 1438 3379 e.
1489 3332 1638 3381 esse
1692 3308 1962 3404 incipit)
2010 3316 2389 3399 adhibuerit,
2439 3338 2627 3400 quam

433 3436 702 3500 eandem
731 3434 908 3499 illum
940 3436 1228 3501 videmus
1261 3454 1603 3515 usurpasse
1631 3434 1823 3498 etiam
1852 3434 2029 3517 alias,
2077 3437 2250 3502 velut
2282 3438 2347 3501 in
2374 3439 2624 3505 Tuscul.

434 3556 594 3635 disp.
632 3554 749 3634 III,
799 3556 855 3633 5,
907 3553 980 3617 11
1032 3556 1147 3619 sub
1193 3554 1318 3635 fin.,
1365 3554 1474 3619 ubi
1521 3552 1806 3618 eiusdem
1841 3554 1999 3635 legis
2030 3558 2421 3623 mentionem
2451 3558 2622 3623 fecit.

429 3674 616 3739 Unde
674 3672 912 3737 factum
974 3680 1113 3738 esse
1171 3675 1580 3756 perspicuum
1650 3678 1777 3752 est,
1857 3678 1928 3735 ut
2000 3676 2417 3752 recentiores
2460 3697 2619 3741 non-

432 3792 589 3856 nulli
637 3790 1097 3857 Cornificianae
1144 3796 1302 3860 artis
1350 3795 1649 3875 editores,
1698 3813 1968 3875 quorum
2010 3794 2074 3858 in
2119 3813 2384 3860 numero
2434 3798 2627 3863 etiam

431 3911 829 3975 Klotzium
891 3931 1030 3977 esse
1073 3894 1290 3994 video,
1364 3920 1626 3978 auctore
1674 3914 2081 3980 Schuetzio
2129 3935 2244 3999 pro
2318 3916 2623 4004 ‘em‘slec‘,

433 4032 642 4112 quod,
717 4050 934 4097 omnes
1003 4035 1313 4115 praebent
1381 4036 1665 4117 codiceS,
1735 4036 1859 4102 nisi
1931 4037 2102 4118 quod
2175 4038 2399 4119 pauci,
2483 4038 2625 4105 lite-
