3067 4525
2619 245 2715 320 49

515 465 739 531 tatem.
802 449 840 490 ⁸⁸
858 457 1043 528 Vana
1095 461 1278 528 ratio
1334 462 1464 542 est,
1526 475 1701 545 quae
1754 476 1842 527 esc
1892 455 2085 540 falsa
2137 475 2357 526 cansa
2412 461 2709 536 constat,

515 588 641 660 hoc
693 589 934 657 modo:
989 605 1186 655 amor
1238 585 1607 674 suffiendas
1660 603 1795 653 non
1848 591 1969 670 est,
2026 603 2183 654 nam
2236 605 2324 654 ea·
2378 604 2457 654 eo
2501 588 2715 654 veris-

511 737 706 788 suma
772 719 1086 786 nascitur
1153 719 1502 799 amicitia,·
1582 720 1703 784 aut
1771 713 1901 782 ltoc
1971 715 2209 781 modo:
2279 712 2738 800 philosophia.

513 847 806 936 vitanda
858 851 962 912 est
972 867 1009 928 ,·
1097 842 1334 928 adfert
1396 846 1571 913 enim
1632 843 2023 911 socordiam
2088 846 2293 928 atque
2362 842 2717 914 desidiam.

517 973 694 1042 Nam
726 973 857 1042 liae
909 975 1213 1041 rationes
1267 974 1404 1040 nisi
1450 971 1681 1055 falsae
1734 976 1974 1055 essent,
2032 970 2495 1056 expositiones
2549 990 2717 1057 quo-

521 1120 650 1190 qne
703 1121 942 1171 earum
998 1120 1201 1171 veras
1254 1121 1401 1170 esse
1454 1102 1946 1182 confiteremur.
2036 1139 2043 1148 ·

729 1226 1159 1320 [INFIRMA
1222 1229 1492 1300 RATIO
1562 1229 1763 1313 EST,
1834 1227 2077 1316 QUAE
2132 1225 2329 1296 NON
2377 1225 2719 1295 NECES—

519 1357 810 1428 SARIO
865 1361 1161 1428 ostendit
1226 1363 1324 1428 ita
1376 1375 1553 1443 esse,
1630 1376 1824 1445 quem
1875 1357 1971 1424 ad
2018 1355 2286 1424 modum
2340 1357 2721 1443 expositam

531 1492 650 1574 est,
707 1487 889 1558 velut
939 1495 1111 1577 aput
1161 1489 1480 1558 Plautum
1496 1510 1524 1556 .·

643 1685 646 1690 .
729 1613 1028 1686 Amicum
1081 1613 1438 1704 castiqare
1493 1616 1577 1684 ob
1632 1617 1939 1682 meritam
1992 1615 2275 1681 nostiam

719 1745 986 1813 inmune
1039 1751 1142 1812 est
1189 1744 1486 1828 facinus,
1543 1763 1775 1816 verum
1824 1746 1897 1812 in
1950 1747 2176 1812 aetate
2230 1741 2391 1809 utile

736 1875 801 1937 et
857 1873 1278 1944 conducibile
1335 1924 1351 1940 .

537 2085 542 2090 ,
627 1995 814 2068 Haec
838 2005 1172 2089 oppositio
1201 2010 1333 2088 est3
1387 2005 1751 2089 videamus,
1784 2022 1959 2090 qnae
1986 2005 2169 2071 ratio
2199 2002 2339 2086 adf
2334 2006 2572 2071 oratur
2584 2022 2613 2070 .·

1029 2130 1209 2200 Nam
1271 2152 1396 2220 eqo
1464 2136 1755 2202 amicum
1818 2132 2017 2202 hodie
2082 2150 2298 2200 meum

925 2261 1412 2349 concastiqabo
1467 2282 1602 2350 pro
1658 2265 2013 2331 commissa
2066 2262 2303 2331 nomia.

721 2385 832 2452 Ex
869 2404 968 2481 eo,
1011 2390 1194 2476 quod
1221 2394 1366 2477 ipse
1397 2391 1719 2475 facturus
1752 2398 1873 2476 est,
1918 2410 2053 2459 non
2085 2409 2174 2458 esc
2206 2409 2306 2475 eo,
2346 2386 2529 2476 quod
2563 2390 2723 2470 fieri

519 2516 848 2598 convenit,
897 2516 1060 2586 utile
1099 2521 1262 2605 qnid
1317 2524 1423 2606 sit,
1477 2522 1943 2589 ratiocinatur
1980 2569 1995 2585 .
2053 2514 2270 2607 Item]
2334 2515 2717 2586 INFIRMA

479 2637 791 2708 'RATIO
857 2642 1053 2732 EST,
1135 2644 1378 2734 QUAE
1456 2649 1656 2718 NON
1728 2642 2363 2718 NECESSARIAM
2438 2664 2720 2715 cansam

397 2808 402 2811 -
519 2766 752 2850 adfert
803 2778 1295 2860 eoepositionis,·
1346 2777 1530 2846 velut
1582 2777 1925 2847 Pacuvius
1978 2776 2152 2864 sqq.‘

693 2890 850 2955 Cum
913 2901 1254 2976 utrumque
1315 2897 1438 2963 hoc
1501 2897 1790 2963 infirmae
1844 2898 2113 2962 rationis
2184 2896 2539 2978 exemplum
2614 2916 2717 2961 or-

522 3010 734 3117 diatur
779 3014 858 3079 ab
919 3015 1147 3081 iisdem
1199 3017 1410 3083 verbis
1435 3017 1727 3099 ‘infirma
1756 3022 1940 3087 ratio
1996 3024 2116 3101 est,
2174 3034 2350 3103 quae
2403 3036 2538 3085 non
2591 3038 2715 3086 ne-

521 3135 788 3201 cessari
827 3184 843 3200 .
878 3188 892 3201 .
932 3134 954 3165 (
1001 3135 1300 3203 facillime
1321 3137 1461 3203 fieri
1489 3140 1721 3221 potuit,
1768 3146 1859 3219 ut,
1908 3138 2351 3204 decri-antibus
2377 3139 2455 3204 ab
2490 3156 2618 3203 uno
2649 3140 2714 3203 in

521 3253 790 3318 alterum
810 3254 1019 3321 locum
1045 3257 1290 3324 librarii
1311 3260 1530 3340 oculis,
1565 3260 1743 3341 prius
1764 3257 2054 3323 infirmae
2070 3258 2337 3323 rationis
2359 3258 2714 3339 exemplum

454 3385 461 3390 ·
521 3374 941 3457 omitteretur,
973 3378 1245 3459 margini
1263 3385 1336 3442 ut
1353 3378 1677 3443 assolebat
1691 3383 1922 3458 postea
1949 3377 2441 3456 adscriberetur,
2474 3377 2710 3441 iniusto

520 3491 662 3558 loco
700 3494 767 3559 iu
810 3501 1055 3561 textum
1103 3499 1309 3563 denuo
1356 3498 1757 3578 reciperetur
1778 3496 1861 3579 *).
1936 3496 2130 3561 Cuius
2174 3495 2253 3558 in·
2287 3494 2713 3559 adulterinum

727 3723 785 3790 *)
821 3722 1138 3793 Pergratum
1175 3723 1304 3779 mihi
1332 3722 1552 3791 accidit,
1590 3729 1665 3791 ut,
1704 3725 1992 3791 postquam
2030 3721 2085 3777 iu
2124 3722 2396 3778 officinam
2434 3728 2712 3794 typogra-

520 3810 734 3882 phicam
771 3805 893 3861 misi
931 3806 1165 3875 aliquam
1199 3814 1408 3877 partem
1444 3806 1602 3861 huius
1634 3804 2079 3878 scriptiunculam,
2115 3825 2185 3863 ex
2222 3807 2529 3883 novi-ssime
2582 3806 2712 3863 Phi-

523 3892 704 3965 lologi
761 3888 1038 3947 volumine
1085 3890 1196 3959 (37,
1251 3910 1301 3963 p.
1358 3893 1486 3961 386)
1544 3905 1966 3962 cognoscerem,
2034 3892 2364 3964 Langenium
2418 3900 2474 3949 et
2528 3894 2706 3963 ipsum

523 3978 580 4033 h.
617 3978 656 4032 1.
691 3972 1172 4048 transpositionem
1211 3973 1410 4030 factam
1444 3992 1572 4031 esse
1607 3975 1715 4031 sihi
1740 3978 2104 4047 persuasisse.
2159 3977 2373 4032 Erravit
2401 3982 2583 4031 autem
2618 3978 2705 4031 vir

523 4061 896 4131 doctissimus,
948 4076 1069 4115 cum
1105 4058 1436 4129 dixit,‘quae
1479 4062 1535 4115 in
1571 4060 1913 4134 paragrapho
1963 4064 2049 4130 35,
2101 4060 2353 4133 exposita
2411 4061 2600 4114 essent
2638 4060 2704 4115 de

2230 4166 2295 4215 4a
