3067 4525
2565 199 2659 278 47

465 412 656 494 bendi
701 433 837 498 usn,
884 419 955 481 ut
998 407 1389 497 persuadere
1434 407 1590 477 mihi
1633 431 1762 477 non
1806 407 2064 493 possim,
2113 417 2286 476 recte
2325 429 2392 475 se
2425 407 2664 476 habere

470 537 929 624 propositionis
976 536 1287 600 ordinem.
1376 533 1505 597 Par
1553 534 1720 598 enim
1766 538 1907 597 erat
1954 530 2188 596 Cornif.
2239 537 2348 594 aut
2397 531 2665 595 eundem

466 679 652 742 quem
697 660 763 723 in
808 655 1250 739 propositione
1298 653 1666 717 instituerat
1714 653 2003 716 ordinem
2061 653 2402 716 observare
2447 652 2512 715 in
2560 671 2665 715 ex-

462 779 832 862 planatione
880 781 1016 855 aut,
1079 772 1520 838 deflectentem
1581 773 1659 835 ab
1731 790 1838 852 e0,
1905 791 2159 837 causam
2221 772 2664 851 rationemque

465 901 601 964 eius
646 899 743 963 rei
789 895 1077 960 reddere.
1156 892 1347 956 Haud
1394 891 1672 954 alienum
1718 892 1922 956 visum
1971 897 2066 955 est
2114 890 2422 971 conferre,
2473 909 2663 972 quam

465 1019 784 1082 rationem
831 1015 948 1078 hac
994 1014 1060 1077 in
1107 1031 1177 1077 re
1226 1018 1481 1077 secutus
1531 1018 1702 1078 esset
1751 1013 1996 1078 Cicero,
2089 1012 2408 1094 Scriptum
2454 1019 2666 1076 autem

473 1144 569 1201 est
618 1137 695 1200 de
741 1137 863 1199 inv.
912 1135 971 1216 Ι,
1023 1135 1133 1214 Η,
1182 1131 1263 1197 15
1309 1133 1475 1197 med.
1571 1131 1778 1199 ‘Haec
1823 1129 1971 1224 [sc.
2011 1129 2390 1220 purqalz'oj
2419 1141 2664 1220 parles

468 1257 671 1324 habet
698 1262 883 1323 tres:
928 1254 1447 1340 inprudentiam,
1476 1269 1730 1337 casum)
1763 1250 2256 1321 necessitatem‘
2275 1259 2340 1316 et
2355 1253 2436 1333 ΙΙ,
2465 1252 2562 1333 31,
2585 1251 2668 1316 94

472 1383 626 1441 extr.
679 1377 833 1439 item
882 1373 985 1442 ‘ea
1038 1351 1240 1440 habet
1284 1376 1527 1457 parles
1583 1377 1767 1438 tres:
1818 1372 2336 1458 inprudentiam,
2411 1392 2666 1456 casum,

466 1491 1061 1578 necessz'luclinem‘,
1112 1509 1301 1572 quem
1349 1490 1620 1554 eundem
1666 1489 1774 1554 ille
1823 1490 2112 1555 ordinem
2161 1498 2224 1556 et
2267 1492 2334 1555 in
2375 1493 2668 1574 sequenti

468 1615 901 1697 disputatione
925 1612 1207 1678 retinuit.
1254 1611 1479 1693 Neque
1500 1627 1656 1673 vero
1679 1609 1744 1673 in
1767 1612 2201 1692 proponendis
2228 1613 2669 1694 explanandis-

466 1755 588 1816 que
633 1741 881 1799 tantum
933 1734 1061 1797 illis
1096 1733 1287 1796 rebus
1316 1731 1692 1795 Ciceronem
1724 1733 1993 1798 eundem
2023 1732 2200 1798 illum
2242 1734 2530 1800 ordinem
2574 1735 2668 1798 in-

469 1857 753 1921 stituisse
788 1855 1096 1932 videmus,
1145 1853 1258 1917 sed
1304 1851 1600 1916 absoluta
1640 1851 1832 1916 etiam
1876 1853 2304 1934 disputatione
2335 1856 2416 1936 11,
2459 1856 2557 1935 32,
2585 1855 2666 1920 99

468 1975 655 2054 med.,
706 1974 1255 2054 quotienscunque
1304 1991 1522 2037 earum
1567 1991 1782 2036 rerum
1826 1973 2214 2038 mentionem
2272 1974 2454 2056 fecit,
2523 1994 2666 2040 eum
2733 1965 2737 1972 ’

472 2095 759 2158 ordinem
828 2093 1206 2172 observavit,
1277 2098 1346 2154 ut
1413 2110 1604 2154 unam
1673 2093 2066 2174 eandemque
2150 2113 2373 2159 vocem
2451 2097 2664 2160 medio

470 2232 719 2296 semper
761 2215 903 2279 loco
951 2217 1241 2295 poneret.
1333 2211 1505 2289 Quos
1565 2233 1784 2280 omnes
1843 2217 2022 2283 locos
2087 2215 2140 2282 si
2187 2216 2661 2299 contulerimuS,

462 2358 592 2402 non
636 2338 991 2419 poterimus
1036 2355 1165 2400 non
1212 2335 1542 2416 suspicari,
1588 2336 1908 2401 hominem
1939 2335 2287 2417 falsarium,
2336 2338 2506 2418 quod
2534 2358 2665 2403 me-

464 2458 755 2519 minisset
802 2456 1127 2536 ffirnmae
1182 2474 1296 2517 seu
1332 2473 1538 2521 casus
1582 2456 1958 2521 vocabulum
1991 2456 2201 2520 medio
2235 2475 2487 2537 semper
2518 2459 2661 2524 loco

474 2592 541 2638 se
577 2573 812 2653 legisse
846 2572 1016 2653 apud
1042 2572 1437 2653 Ciceronem,
1483 2574 1659 2637 nulla
1689 2577 2014 2657 sequentis
2055 2576 2518 2656 explanationis
2552 2578 2664 2640 ha-

471 2694 606 2759 bita
650 2693 899 2757 ratione
963 2694 1244 2758 medium
1310 2696 1770 2776 propositionis
1834 2699 2044 2763 locum
2113 2705 2176 2761 et
2241 2699 2306 2760 in
2366 2697 2664 2763 Cornifici

472 2822 611 2879 arte
650 2815 857 2879 eidem
883 2816 1192 2881 vocabulo
1220 2816 1608 2897 adsignasse.
1657 2821 2094 2885 Restituamus
2131 2820 2325 2900 igitur
2346 2820 2663 2901 integrum

474 2936 761 3001 ordinem
805 2936 1003 3000 hunc:

676 3056 1029 3143 ‘Purqatio
1086 3064 1205 3141 esc,
1266 3078 1461 3144 quom
1518 3059 1827 3128 consulto
1885 3078 1930 3125 α
1981 3058 2176 3125 nobis
2227 3057 2490 3140 factum
2544 3077 2657 3126 ne-

465 3196 724 3263 yamuS.
780 3176 889 3242 Ea
931 3180 1253 3247 dividitur
1280 3182 1348 3246 in
1381 3180 1957 3262 necessitudinem,
1999 3170 2657 3267 *[2'nprudeutiam],

479 3292 513 3327 ²*
522 3290 573 3382 [
568 3294 1010 3387 fortunatus.
1039 3318 1044 3324 ’

639 3418 1107 3499 Propositionis
1150 3418 1321 3483 haud
1369 3420 1559 3485 dubie
1625 3424 1687 3483 et
1731 3419 1852 3485 hoc
1898 3418 2040 3483 loco
2091 3424 2152 3482 et
2195 3419 2244 3499 Ι,
2297 3416 2396 3498 14,
2445 3418 2529 3483 24
2573 3418 2658 3483 in.

472 3536 893 3602 disturbatum
941 3542 1229 3605 ordinem
1280 3539 1852 3622 deprehendimus3
1917 3545 2047 3618 est,
2095 3538 2204 3603 ubi
2247 3558 2376 3603 non
2423 3558 2661 3620 propo-

469 3658 719 3723 sitionis
806 3660 919 3723 sed
1000 3660 1465 3740 explanationis
1537 3658 1798 3725 vitiatus
1890 3659 2046 3722 ordo
2134 3677 2274 3724 esse
2344 3660 2654 3724 videatur.

467 3778 661 3843 Cuius
710 3778 807 3842 rei
854 3778 1235 3843 documento
1286 3780 1407 3843 erit
1454 3779 1535 3859 ΙΙ,
1585 3778 1686 3858 23,
1738 3777 1836 3845 35.

676 3892 1027 3967 ‘Vitiosa
1081 3902 1321 3967 racio
1380 3907 1532 3982 esc,
1601 3917 1776 3985 quae
1831 3899 1928 3967 ad
1976 3901 2465 3984 expositionem.
2519 3918 2655 3968 non

464 4033 564 4095 est
590 4027 1113 4096 adcommodata
1148 4026 1255 4095 vel
1271 4034 1564 4115 propter
1599 4029 1891 4119 infirm
1903 4030 1929 4093 i
1941 4033 1968 4092 t
1983 4046 2028 4093 a
2043 4034 2070 4093 t
2083 4046 2119 4094 e
2139 4047 2200 4095 m.
2238 4028 2344 4095 vel
2364 4036 2655 4117 propter
