3067 4525
2567 213 2660 293 45

462 429 600 503 alio
654 429 868 502 iudici
922 432 1042 501 aut
1089 425 1408 518 praetori
1460 427 1583 495 aut
1636 421 1901 496 consuli
1951 429 2073 495 aut
2124 425 2397 496 tribuno
2448 423 2665 512 plebis

462 555 790 641 placitum
843 555 950 637 sil,
1009 558 1086 619 et
1133 550 1270 634 fit,
1343 556 1431 617 ut
1496 549 1592 615 de
1661 549 1943 616 eadem
1996 557 2080 615 re
2134 565 2387 632 saepe
2442 543 2668 611 alins

464 674 712 740 aliud
773 673 1260 739 decreverit
1311 676 1462 738 aut
1520 667 2100 736 iudicaverit&
2510 671 2515 676 ’

634 773 1052 856 offenderunt
1087 788 1246 854 haec
1281 789 1730 870 Kaysmnm,
1780 788 1889 868 qui
1932 788 2143 864 verbis
2193 785 2278 854 ‘el
2308 785 2403 867 fit,
2460 787 2567 848 ut.
2604 832 2617 846 .
2654 831 2667 846 .

464 909 898 981 iudicaverit(
922 911 1139 990 inepte
1173 907 1422 990 putavit
1453 908 1696 988 iterari,
1745 925 1908 988 quae
1939 908 2392 973 antecederent
2441 901 2669 968 (τιὴ...

462 1035 792 1120 placitum
843 1029 974 1096 sit‘.
1083 1029 1216 1096 Nec
1247 1045 1503 1092 causam
1535 1033 1714 1092 ratus
1744 1033 1841 1093 est
1867 1047 2197 1110 apparere,
2247 1047 2358 1092 cur
2381 1025 2553 1090 idem
2574 1027 2672 1090 bis

473 1153 821 1227 diceretur3
868 1148 1114 1230 liquere
1150 1148 1316 1212 enim
1353 1165 1471 1229 per
1501 1165 1590 1226 se,
1640 1147 1717 1211 de
1767 1147 1991 1213 eadem
2037 1153 2283 1212 tantum
2320 1167 2390 1212 re
2433 1147 2536 1228 agi
2560 1167 2673 1228 po-

472 1271 692 1334 tuisse.
717 1268 996 1365 ‘Addere
1032 1265 1671 1348 potuitKayserUS,
1709 1266 2091 1330 sententiam
2114 1267 2287 1332 illam
2314 1266 2675 1349 generalem

474 1389 648 1453 velut
687 1389 809 1456 (πί.
839 1441 891 1454 ..
949 1387 1128 1454 alius
1175 1387 1370 1454 aliud
1419 1387 1794 1454 decreverit
1834 1386 2009 1473 5·qu
2054 1395 2201 1468 post
2272 1387 2678 1453 enunciatum

474 1508 676 1588 magis
708 1508 1047 1588 singulare,
1094 1512 1165 1569 ut
1191 1506 1363 1587 quod
1395 1506 1675 1587 plurium
1702 1507 2190 1588 magistratuum
2223 1526 2679 1574 commemora-

473 1628 649 1691 tione
680 1646 784 1692 res
818 1626 1099 1706 singulas
1127 1631 1553 1706 consectetur,
1599 1647 1680 1690 ne
1717 1627 1977 1691 minime
2004 1627 2258 1706 quidem
2275 1629 2678 1693 tolerabilem

477 1747 700 1812 videri.
779 1746 906 1810 Sed
949 1751 1061 1806 tuo
1108 1743 1248 1807 iure
1297 1744 1711 1825 quaesiveris,
1761 1762 1886 1825 quo
1934 1750 2123 1825 pacto
2170 1747 2570 1828 Kayserus
2616 1748 2681 1810 in

482 1871 726 1930 textum
749 1864 907 1932 illud
932 1862 1267 1943 irrepsisse
1291 1862 1658 1942 arbitretur,
1695 1864 1865 1944 quod
1892 1863 2190 1945 scriptori
2207 1864 2331 1946 ipsi
2348 1865 2682 1946 adsignare

483 1989 800 2050 vereatur.
892 1983 1030 2062 Ego
1080 1981 1246 2045 enim
1291 2000 1418 2050 non
1465 1983 1779 2062 adducor,
1827 1989 1899 2045 ut
1943 1983 2362 2065 interpretem
2408 1984 2684 2064 aliquem

489 2103 842 2169 existimem
888 2108 1018 2165 tam
1063 2101 1228 2164 male
1265 2101 1595 2182 provincia
1642 2120 1756 2166 sua
1800 2101 2087 2169 functum
2134 2123 2293 2185 esse,
2343 2111 2412 2169 ut
2446 2105 2541 2170 rei
2572 2125 2690 2187 per

489 2240 556 2287 se
603 2221 806 2302 ipsam
846 2220 1081 2302 planae
1135 2226 1327 2302 atque
1375 2220 1691 2287 dilucidae
1740 2223 2227 2305 explicationem
2274 2227 2689 2308 adspergeret

486 2346 616 2404 tam
662 2339 908 2404 futilem
955 2347 1147 2420 atque
1192 2340 1463 2406 inanem.
1558 2341 1741 2406 Adde
1810 2345 1981 2424 quod
2026 2347 2223 2410 verba
2271 2346 2696 2415 ‘decreverit‘

492 2468 555 2525 et
606 2459 1054 2526 ‘iudicaverit‘
1097 2460 1296 2540 ipsius
1322 2460 1623 2524 Cornifici
1670 2481 1809 2525 esse
1854 2464 2026 2526 haud
2063 2484 2260 2544 parvo
2307 2467 2687 2531 documento

491 2580 676 2644 nobis
747 2584 924 2657 sunt,
990 2596 1154 2658 quae
1217 2583 1365 2641 ante
1410 2578 1743 2659 leguntur:
1804 2580 2287 2651 ‘iudicatum
2335 2592 2694 2654 est...aut

495 2702 926 2767 decretum
977 2698 1490 2784 interpositum<
1547 2698 1894 2767 Videamus
1931 2709 2164 2786 autem,
2210 2723 2423 2769 nonne
2443 2711 2688 2770 mutato

494 2820 834 2883 verborum
877 2817 1124 2909 ordine,
1173 2837 1337 2898 quae
1382 2820 1577 2883 modo
1625 2840 1835 2902 neque
1882 2823 2195 2904 scriptore
2240 2844 2448 2906 neque
2493 2826 2691 2891 inter-

493 2939 786 3020 polatore
861 2937 1272 3001 mediocriter
1368 2940 1642 3019 sapienti
1739 2942 1931 3022 digna
2033 2962 2171 3008 esse
2260 2946 2689 3027 cognovimuS,

495 3059 728 3122 bonam
775 3057 1158 3121 sententiam
1185 3040 1535 3138 praebeant
1561 3064 1753 3139 atque
1795 3060 2210 3139 probabilem.
2304 3058 2689 3144 Saepissime

500 3178 666 3241 enim
709 3196 830 3241 usu
873 3177 1048 3241 venit
1096 3178 1265 3258 apud
1312 3175 1737 3259 Cornificium,
1803 3197 2012 3259 neque
2072 3180 2240 3261 apud
2288 3201 2429 3246 eum
2477 3202 2689 3267 unum,

499 3301 588 3375 ut,
638 3298 810 3375 quod
853 3298 1030 3377 prius
1077 3297 1429 3378 generatim
1475 3296 1678 3376 magis
1726 3297 1965 3363 dictum
2014 3306 2169 3380 erat,
2215 3300 2385 3364 idem
2433 3320 2693 3367 accura-

502 3416 627 3478 tius
675 3415 992 3497 deincepS‚
1042 3418 1278 3481 additis
1323 3417 1641 3480 interdum
1707 3418 1899 3481 etiam
1947 3419 2284 3499 exemplis,
2356 3426 2419 3483 et
2484 3421 2695 3502 singu-

503 3534 724 3598 lariter
803 3534 1005 3614 magis
1080 3538 1284 3603 altera
1361 3536 1679 3602 sententia
1742 3545 2091 3619 repetatur.
2184 3540 2377 3603 Cuius
2443 3541 2695 3606 dicendi

505 3632 986 3745 consuetudinis·
1026 3659 1346 3737 specimen
1390 3658 1577 3721 nobis
1625 3655 1948 3738 offeretur,
1998 3660 2050 3723 si
2096 3661 2267 3741 quod
2303 3661 2505 3726 altero
2554 3662 2695 3727 loco

504 3777 568 3840 in
611 3776 790 3842 libris
835 3777 1142 3843 traditum
1177 3787 1292 3861 est,
1336 3778 1539 3859 priori
1577 3752 2236 3860 locoreddiderimus,
2284 3788 2353 3845 ut
2384 3781 2697 3863 legamus:

713 3897 1117 3967 ‘Iudicatum
1183 3906 1284 3967 est
1336 3902 1434 3983 id,
1511 3901 1592 3966 dc
1648 3918 1778 3985 quo
1834 3904 2165 3967 sententia
2220 3901 2365 3968 lata
2419 3908 2524 3968 est
2575 3910 2699 3971 aut

507 4020 844 4086 decretum
896 4022 1382 4108 interpositum.
1485 4020 1595 4088 Ea·
1647 4039 1852 4106 saepe
1907 4020 2185 4087 divorsa
2240 4016 2427 4105 su‘rzt,
2492 4016 2709 4113 *[UT
