3067 4525
558 190 651 280 18

550 394 794 460 duabus
857 396 1188 462 sententiis
1234 397 1325 464 sic
1376 399 1461 468 ‘el
1513 403 1897 488 aliquorum
1949 403 2269 474 iudicium
2335 411 2610 483 simili
2659 417 2762 486 de-

548 533 625 582 re
679 521 799 584 aut
840 519 1325 586 auctoritatem
1372 519 1701 605 proferre
1746 525 2118 592 imitatione
2159 528 2454 616 dzssqnam,
2513 535 2758 605 deinde

546 637 887 703 eandem
950 642 1099 704 auc
1153 641 1668 709 consimilem
1737 649 1884 711 aut
1948 649 2346 718 maiorem
2401 661 2548 721 aut
2599 663 2754 726 mi-

546 772 586 820 n
602 773 643 820 0
663 774 830 822 rem
896 759 1016 842 aqi
1079 775 1220 824 rem
1287 761 1357 825 in
1420 766 1823 846 praesentia
1893 765 2404 840 demonstrare‘.
2499 775 2638 852 Qua
2683 780 2753 843 in

544 894 613 938 re
661 876 1064 957 perspicuum
1114 885 1211 944 est
1256 879 1523 945 alteram
1572 881 1898 948 Ciceronis
1947 890 2331 955 sententiam
2381 892 2749 968 saginae...

540 997 1036 1066 cletiionstrarc‘
1095 1000 1418 1080 egregium
1473 1001 1540 1065 in
1583 1002 1841 1066 modum
1887 1009 2280 1087 respondere
2326 1015 2538 1080 verbis
2587 1017 2748 1084 Cor—

538 1115 849 1184 nificianis
908 1117 1049 1186 ‘aut
1101 1119 1183 1186 tle
1235 1119 1466 1187 cadem
1522 1129 1644 1190 ιιιιι
1697 1124 1778 1190 cle
1830 1127 2088 1194 minore
2143 1137 2268 1197 aut
2309 1132 2392 1199 de
2435 1139 2741 1224 maiore‘,

541 1257 705 1320 quae
734 1257 851 1320 per
873 1235 1322 1328 παρένθεσιικ
1372 1259 1561 1322 quam
1607 1243 1825 1308 dicunt
1862 1248 2074 1313 verbis
2125 1248 2225 1318 ‘dc
2249 1254 2455 1322 simili
2477 1262 2740 1343 σατις-(ιζ

538 1359 758 1424 addita
804 1377 945 1424 esse
992 1377 1133 1424 cum
1185 1379 1261 1425 ex
1306 1362 1448 1427 aliis
1494 1363 1684 1429 rebus
1745 1369 1878 1429 tum
1925 1387 2002 1432 ex
2045 1369 2167 1434 hoc
2210 1371 2352 1453 ipso
2400 1378 2740 1444 verborum

537 1479 759 1544 ordine
807 1487 1095 1562 apparet.
1154 1482 1391 1548 Similis
1438 1490 1654 1547 autem
1703 1490 1801 1548 est
1849 1503 2039 1552 causa
2085 1497 2348 1558 auctore
2397 1496 2734 1566 Cornificio

535 1584 915 1667 aut⁴eadem
963 1604 1074 1667 aut'
1116 1603 1325 1667 minor
1370 1611 1480 1670 aut
1524 1605 1832 1690 maior.*)

702 1721 877 1799 Quae
924 1724 1139 1788 omnia
1184 1724 1238 1789 si
1284 1724 1494 1791 animo
1542 1729 1995 1809 perpenderis,
2044 1751 2173 1796 non
2220 1735 2540 1806 dubitabis
2588 1761 2727 1806 con-

532 1841 760 1905 cedere
805 1841 1043 1908 nullam
1090 1861 1353 1924 prorsus
1399 1843 1464 1907 in
1510 1865 1588 1911 ea
1632 1867 1704 1914 re
1751 1850 2010 1915 subesse
2056 1853 2571 1936 interpolationis
2625 1881 2729 1925 su-

533 1961 900 2041 spicionem.

705 2079 831 2143 Sed
852 2098 981 2145 non
1003 2080 1163 2144 haec
1190 2087 1287 2145 est
1304 2082 1355 2146 O
1373 2089 1519 2147 stm
1535 2085 1716 2149 anni
1742 2088 1978 2169 opini0,
2023 2093 2132 2172 qui
2155 2096 2510 2174 nuperrime
2531 2098 2591 2158 K
2601 2116 2639 2159 a
2649 2119 2720 2177 y-

529 2200 705 2265 seri
750 2208 968 2282 partes
1014 2210 1269 2269 secutus
1308 2207 1516 2274 denuo
1553 2207 1711 2275 haec
1742 2212 1938 2277 verba
1971 2211 2368 2296 impugnavit.
2388 2211 2483 2295 **)
2526 2214 2709 2277 Arbi-

528 2325 735 2387 tratus
772 2324 938 2387 enim
981 2331 1078 2390 est
1115 2325 1223 2391 ille
1258 2334 1368 2391 aut
1404 2328 1531 2394 Cio.
1581 2331 1704 2395 inv.
1743 2332 1792 2413 Ι,
1847 2333 1944 2412 17,
1992 2334 2074 2399 24
2120 2338 2290 2412 extr.‚
2337 2337 2442 2395 aut
2485 2337 2696 2395 nostro

523 2438 665 2505 loco
714 2441 873 2507 haec
917 2446 1113 2511 verba
1172 2450 1658 2514 accommodata
1717 2470 1878 2518 esse.
1970 2453 2359 2535 ‘Addidisse‚
2427 2454 2532 2535 qui
2581 2470 2710 2516 non

524 2561 1015 2649 considerasset,
1054 2569 1212 2634 nihil
1232 2570 1493 2653 referre,
1540 2573 1712 2652 quod
1736 2574 2078 2640 discrimen
2103 2574 2532 2656 amplitudinis
2555 2573 2718 2637 inter

660 2803 715 2868 ¹³)
752 2800 900 2854 Idem
939 2801 1203 2869 scriptum
1240 2809 1323 2855 est
1362 2804 1503 2873 apud
1539 2802 1717 2867 Quint.
1739 2803 1866 2862 inst.
1907 2823 1998 2863 or.⁴
2023 2807 2144 2877 vn,
2183 2816 2234 2877 8,
2271 2814 2303 2863 7
2340 2814 2479 2868 med.
2521 2812 2720 2867 ‘Simile

518 2890 696 2939 (tutem
732 2890 781 2937 et
814 2886 993 2939 maius
1028 2891 1105 2939 est
1140 2893 1189 2941 et
1215 2903 1329 2955 par
1363 2894 1413 2941 ct
1446 2888 1665 2944 minus.‘
1713 2890 2091 2947 conferendus
2129 2901 2216 2947 est
2251 2894 2412 2945 etiam
2449 2894 2628 2958 Quint.
2655 2898 2720 2963 V,

520 2973 600 3037 10,
640 2973 704 3023 87
745 2971 817 3026 in.
880 2970 1171 3039 ‘Adposita
1204 2974 1285 3026 ‘uel
1320 2974 1693 3043 comparativa
1729 2977 1988 3033 dicuntur
2002 3022 2018 3048 ,
2069 2994 2205 3045 quae
2237 2978 2453 3030 minora
2487 2996 2554 3033 eoe
2588 2984 2720 3037 mai-

519 3054 720 3122 oribu8‚
756 3057 971 3110 maiora
1004 3072 1073 3109 eoe
1105 3057 1407 3111 minoribus
1424 3101 1439 3125 ,
1480 3059 1654 3127 paria
1689 3077 1758 3113 eoe
1783 3065 2017 3129 paribus
2043 3061 2319 3131 probant‘.
2397 3065 2566 3120 Porro
2605 3068 2717 3124 Cic.

516 3144 582 3195 de
630 3140 742 3196 inv.
795 3140 847 3210 1,
905 3145 971 3197 28
989 3182 1005 3209 ‚
1056 3144 1118 3194 41
1178 3140 1314 3195 med.
1371 3144 1727 3197 ‘Adiunctum
1774 3150 1988 3217 neyotio
2037 3150 2214 3199 autem
2265 3145 2328 3199 id
2371 3146 2718 3221 iutelleyitur,

514 3227 659 3296 quod
704 3227 883 3281 maius
936 3233 985 3281 et
1034 3227 1178 3295 quod
1220 3227 1401 3281 ‘minus
1456 3234 1506 3281 et
1557 3230 1701 3296 quod
1748 3248 1911 3299 aeque
1956 3247 2211 3301 mayn-um
2259 3237 2309 3285 et
2356 3235 2500 3301 quod
2543 3237 2718 3292 simile

512 3313 614 3366 erit
649 3312 699 3365 ei
730 3312 973 3382 nepotiO,
1025 3328 1129 3380 quo
1168 3314 1232 3366 de
1270 3311 1489 3381 aqitur‘.
1561 3312 1707 3378 Quae
1755 3316 1974 3383 quidem
2013 3318 2181 3373 verba
2223 3322 2426 3372 tantum
2463 3320 2623 3375 abest
2657 3331 2716 3377 ut

514 3399 873 3455 Cornificiana
912 3399 1213 3454 adulterina
1253 3413 1379 3453 esse
1417 3400 1820 3470 demonstrent,
1864 3410 1920 3457 ut
1957 3403 2026 3458 iis
2065 3402 2208 3473 ipsis
2247 3419 2355 3458 non
2398 3405 2709 3461 dubitemus

515 3486 588 3542 uti
626 3484 695 3541 ad
732 3484 1189 3557 comprobandam
1247 3491 1489 3540 nostram
1543 3490 1892 3544 sententiam.
1965 3480 2284 3547 Laudandus
2335 3499 2421 3548 est
2473 3493 2705 3562 denique

511 3577 667 3631 locus
705 3571 949 3628 eiusdem
999 3569 1128 3625 libri
1181 3570 1665 3644 impeditissima&
1721 3589 1877 3643 quem
1927 3580 1982 3627 et
2029 3575 2205 3649 ipsum
2247 3580 2300 3635 in
2340 3579 2710 3650 suspicionem

512 3658 737 3719 vocavit
772 3658 1065 3727 KayseruS.
1118 3656 1371 3729 Legimus
1410 3657 1556 3713 enim
1593 3660 1663 3726 11,
1703 3662 1784 3727 12,
1825 3663 1888 3715 18
1925 3661 2066 3720 med.
2117 3666 2208 3718 ‘In
2243 3681 2412 3719 causa
2445 3664 2712 3717 rationali

503 3749 746 3819 primum
779 3751 1081 3816 quaeretur,
1116 3745 1307 3813 ecquid
1342 3744 1407 3799 de
1440 3744 1598 3799 rebus
1629 3745 1928 3801 maioribus
1963 3756 2060 3804 aut
2093 3752 2398 3805 minoribus
2435 3754 2533 3802 aut
2566 3750 2710 3802 simi-

512 3836 653 3895 libus
686 3832 935 3889 similiter
968 3832 1231 3902 scriptum
1265 3838 1362 3887 aut
1396 3831 1700 3886 iudicatum
1731 3834 1838 3888 sit‘.

648 3924 725 3991 **)
768 3923 841 3975 De
864 3918 1263 3987 additamentiS‚
1302 3936 1438 3989 qnae
1464 3919 1518 3973 in
1545 3918 1838 3977 rhetoricis
1868 3923 1938 3973 ad
1967 3919 2296 3979 Herennium
2341 3918 2708 3987 inveniuntur,
2733 3934 2766 3963 a»

510 4006 926 4077 antiquioribus,
998 4006 1328 4062 Dissertatio
1368 4003 1546 4076 inaug.
1588 4004 1784 4076 philol.
1839 4004 2225 4063 Vratislaviae.
