3067 4525
565 117 664 192 32

564 339 784 402 sonas,
831 321 924 386 ita
967 329 1040 386 ut
1084 319 1193 404 qui
1237 323 1430 388 modo
1477 321 1707 390 fnisset
1752 321 2189 408 adversarius,
2238 327 2409 396 idem
2454 328 2523 395 in
2576 331 2837 397 altero

563 441 851 523 exemplo
899 443 1166 524 loquens
1211 447 1348 527 ipse
1393 447 1835 526 induceretur,
1887 447 1993 528 qui
2040 447 2312 528 loquens
2356 452 2553 516 modo
2614 465 2831 518 esset

565 563 879 644 inductus,
927 564 1096 628 idem
1145 565 1494 630 adversarii
1543 565 1775 630 deinde
1822 573 2039 646 partes
2085 575 2325 648 ageret.
2422 569 2544 646 Qui
2597 589 2831 636 aceu-

564 691 779 747 sarent
841 683 1182 747 matricidii
1243 685 1565 764 Orestem,
1634 684 1712 747 iis
1775 683 1933 748 utile
1997 704 2138 749 esse
2186 687 2477 752 confiteri
2540 690 2814 771 ipsum,

563 809 828 867 matrem
857 821 896 866 a
931 821 999 867 se
1040 823 1180 868 esse
1214 802 1635 882 interfectam,
1684 804 1793 884 qui
1830 802 2266 885 defenderent,
2313 805 2392 871 iis
2424 811 2569 874 usui
2612 829 2813 890 esse,

567 931 630 988 et
675 923 1078 987 adversarios
1126 923 1433 1005 confiteri,
1470 943 1508 988 a
1540 923 2049 1006 Clytaemnestra
2092 943 2315 990 necem
2338 925 2585 992 illatam
2640 950 2812 993 esse

567 1043 1046 1124 Agamemnoni.

739 1165 1120 1247 Aequiescat
1167 1162 1274 1245 qui
1321 1161 1474 1228 velit
1520 1163 1587 1228 in
1647 1162 1767 1226 hac
1828 1161 2243 1229 subtilissima
2286 1164 2410 1230 loci
2456 1166 2808 1248 interpre-

565 1285 829 1364 tatione,
879 1283 1174 1364 equidem
1217 1300 1348 1347 non
1393 1283 1813 1364 acquiescam.
1862 1268 2129 1362 Nequeo
2176 1284 2343 1348 enim
2378 1285 2801 1365 persuadere

565 1403 740 1483 mihi,
785 1402 893 1484 qui
943 1403 1218 1484 scriptor
1264 1402 1515 1467 dicendi
1560 1403 2018 1484 perspicuitate
2058 1403 2229 1467 haud
2267 1421 2509 1485 paucos
2548 1424 2803 1488 super-

565 1523 708 1604 urit,
758 1523 1028 1588 eundem
1073 1523 1176 1586 hic
1224 1522 1586 1602 scripsisse,
1649 1523 1820 1603 qnod
1878 1541 1917 1586 a
1970 1523 2285 1588 communi
2329 1524 2793 1605 intellegentia

563 1643 750 1727 plane
800 1643 1180 1708 disiunctum
1225 1641 1345 1708 nisi
1393 1641 1801 1724 argutissima
1847 1642 2269 1724 explicatione
2307 1645 2595 1726 intellegi
2642 1665 2783 1710 non

563 1765 785 1844 possit.
862 1763 986 1828 Sed
1031 1763 1097 1826 in
1144 1761 1551 1827 diiudicanda
1593 1761 1713 1824 hac
1750 1779 1819 1826 re
1857 1761 2028 1825 haud
2064 1763 2245 1844 parvi
2282 1766 2402 1829 erit
2436 1768 2772 1846 momenti,

567 1885 718 1964 quid
752 1884 871 1948 sibi
896 1883 1091 1947 velint
1117 1883 1312 1948 verba
1361 1881 1569 1951 ‘item
1624 1901 1659 1949 e
1714 1883 2224 1969 contrario‘,
2284 1904 2534 1966 quoque
2568 1886 2766 1948 modo

567 2004 693 2066 sint
753 2001 1143 2082 explicanda.
1236 2002 1650 2081 Respondent
1710 2007 1955 2081 autem,
2021 2002 2086 2066 ni
2150 2005 2401 2084 egregie
2458 2001 2755 2080 fallimur,

565 2120 1089 2186 antecedentibus
1169 2118 1265 2186 ‘si
1331 2139 1474 2205 ea,
1566 2138 1786 2204 quae
1856 2122 2109 2190 utilia
2182 2123 2413 2190 nobis
2478 2124 2738 2195 erunt,

563 2261 600 2308 e
621 2260 661 2310 0
679 2260 723 2309 n
741 2261 774 2310 v
798 2261 833 2309 e
856 2244 986 2309 nie
1003 2240 1144 2327 nt‘,
1202 2241 1370 2306 unde
1397 2240 1785 2321 colligamus,
1815 2241 2130 2324 duplicem
2144 2238 2470 2307 instituisse
2496 2232 2727 2297 Cornif.

563 2362 877 2425 rationem
925 2378 1177 2441 eorum,
1248 2379 1410 2441 quae
1472 2361 1883 2425 convenirent
1940 2366 2124 2429 nobis
2166 2380 2300 2426 cum
2343 2352 2738 2419 adversariis.

563 2484 690 2547 Aut
737 2482 903 2547 enim
941 2480 1125 2545 utilia
1157 2482 1340 2547 nobis
1378 2500 1517 2546 esse
1552 2488 1662 2545 aut
1693 2501 1820 2545 non
1852 2501 1991 2546 esse
2032 2484 2230 2548 utilia.
2277 2475 2455 2556 Quod
2484 2473 2752 2537 alterum

566 2606 620 2673 ‘e
677 2605 1074 2674 contrari
1091 2603 1160 2667 0‘
1203 2621 1359 2665 voce
1421 2600 1809 2681 significasse
1878 2620 2021 2664 eum
2086 2605 2577 2665 consentaneum
2643 2600 2748 2673 est,

568 2742 758 2805 quam
807 2720 1168 2801 oppositam
1215 2718 1650 2783 existimamus
1698 2738 1835 2785 esse
1898 2721 2149 2789 ‘utilia‘
2212 2717 2529 2784 adiectivo
2596 2714 2750 2796 quod

563 2842 740 2906 aiunt
785 2836 1240 2921 praedicativo.
1304 2836 1442 2915 Qua
1487 2837 1710 2900 eadem
1744 2841 2077 2921 negativae
2114 2859 2302 2922 quam
2336 2840 2559 2903 dicunt
2592 2837 2753 2903 vocis

563 2956 1026 3039 significatione
1071 2956 1401 3036 usurpavit
1461 2955 1515 3024 ‘e
1550 2957 1939 3025 eontrario‘
1970 2958 2207 3023 Cornif.
2258 2958 2452 3022 etiam
2498 2956 2595 3036 II,
2661 2956 2750 3035 11,

565 3081 646 3144 16
698 3080 780 3143 in.
878 3077 975 3145 ‘Si
1027 3076 1410 3162 ambiquum
1461 3094 1609 3142 esse
1650 3080 1975 3162 scriptum
2023 3078 2405 3161 putabitur,
2469 3126 2486 3141 .
2522 3129 2583 3143 ..
2636 3076 2752 3143 Ιιοσ

559 3201 756 3266 modo
788 3196 1222 3266 tractandum
1263 3202 1402 3262 est:
1449 3198 1743 3281 primum
1771 3198 1941 3261 sitne
1970 3195 2371 3282 ambiquum,
2416 3213 2751 3279 quaeren-

565 3321 718 3386 dum
774 3322 894 3399 est,
953 3316 1191 3382 deinde
1246 3334 1376 3400 quo
1431 3314 1629 3381 modo
1685 3316 2020 3397 seriptum
2068 3320 2265 3397 esset,
2323 3316 2388 3379 si
2437 3314 2529 3396 id,
2590 3317 2755 3399 quod

563 3438 964 3505 adversarii
995 3437 1546 3517 interpretentur,
1604 3433 1905 3516 scriptor
1945 3431 2101 3510 fieri
2127 3432 2469 3510 voluisset,
2523 3438 2747 3499 oscen-

561 3557 848 3624 dendum
902 3559 1054 3635 es&
1108 3551 1344 3619 deinde
1382 3553 1471 3635 id,
1532 3551 1717 3636 quod
1755 3566 1879 3613 nos
1916 3550 2456 3632 interpretemur,
2515 3557 2582 3617 et
2610 3554 2751 3633 fieri

552 3694 761 3763 posse
825 3650 890 3742 et
955 3672 1250 3755 honeste,
1320 3676 1532 3751 reete,
1608 3668 1777 3752 leqe,
1849 3682 2063 3746 more,
2122 3670 2411 3745 natura,
2472 3666 2641 3736 bono
2690 3679 2747 3739 et

563 3814 784 3881 aequo
869 3794 1027 3876 fieri
1122 3808 1374 3874 posse,·
1481 3787 1663 3871 quod
1725 3785 2123 3852 adversarii
2178 3786 2738 3872 ·2'nterp7·etentm·,
2820 3838 2827 3841 -

562 3934 598 3981 e
651 3914 1090 3981 contrario
1148 3906 1308 3990 (scil.
1344 3926 1473 3971 non
1509 3905 1797 3984 honeste,
1844 3906 2019 3967 recte
2051 3918 2104 3964 e.
2144 3917 2201 3977 q.
2240 3916 2286 3961 s.
2330 3895 2469 3960 fieri
2493 3910 2738 3991 posse.)‘
