3067 4525
515 251 611 324 28

518 493 615 552 est
648 506 877 553 causae
908 487 1210 551 narratio.
1261 487 1486 551 Potest
1518 485 1685 550 enim
1721 504 1880 564 esse,
1927 487 1997 546 ut
2045 483 2186 564 quis
2235 485 2490 549 deerret
2531 486 2610 550 de
2651 506 2728 550 re

517 607 851 690 proposita
886 625 1092 688 neque
1131 613 1346 670 tamen
1390 605 1456 670 in
1500 605 1690 670 aliam
1735 623 1870 670 rem
1918 609 2222 683 transcat,
2270 603 2429 669 illud
2465 625 2545 670 ne
2591 605 2725 686 fiat,

517 733 777 793 monent
792 727 1125 792 brevitatis
1150 725 1665 824 praecepta,.hoc
1686 743 1765 789 ne
1803 724 2182 804 committas,
2219 723 2721 806 perspicuitatis.

687 847 861 926 Quae
912 865 1052 912 cum
1097 847 1189 911 ita
1236 846 1379 926 sint,
1427 844 1585 909 nihil
1631 844 1759 908 iam
1804 843 2090 926 impedit,
2139 845 2476 924 quominus
2524 849 2725 912 verba

520 968 622 1035 ‘ne
676 986 879 1054 quam
933 970 1003 1035 in
1058 967 1270 1034 aliam
1326 985 1466 1033 rem
1498 965 1959 1032 transeamus‘
2004 983 2118 1028 suo
2164 964 2309 1028 loco
2356 965 2420 1029 in
2471 970 2722 1050 perspi-

521 1089 775 1154 cuitatis
821 1086 1187 1170 praeceptis
1233 1086 1640 1151 retineamus.
1703 1084 1911 1148 Aliam
1958 1090 2171 1148 autem
2219 1103 2359 1152 esse
2406 1087 2719 1156 rationem

516 1210 855 1274 vorborum
936 1202 1039 1274 ‘ne
1095 1207 1183 1275 ab
1239 1207 1471 1276 ultimo
1553 1211 1970 1294 repetamus,
2041 1224 2123 1273 ne
2205 1205 2403 1294 tonqc
2474 1229 2710 1295 perse-

524 1332 857 1414 quamm‘,
922 1347 1084 1409 quae
1135 1330 1357 1394 eadem
1414 1331 1455 1393 l.
1520 1330 1559 1393 l.
1618 1330 1683 1393 in
1725 1327 2058 1393 brevitatis
2121 1330 2482 1411 praeceptis
2527 1330 2720 1396 fuisse

517 1449 810 1529 vidimus,
858 1469 1045 1514 nemo
1094 1449 1278 1514 nobis
1324 1468 1453 1512 non
1500 1447 2011 1529 adstipulabitur.
2084 1449 2196 1514 Sin
2241 1455 2456 1514 autem
2501 1471 2716 1515 verum

522 1575 648 1648 est,
716 1569 891 1649 quod
942 1569 1020 1631 de
1066 1567 1582 1649 interpolationis
1645 1566 2005 1647 suspicione
2053 1587 2245 1651 supra
2292 1571 2711 1652 exposuimuS,

519 1710 599 1753 ne
643 1688 802 1752 haec
851 1687 1107 1768 quidem
1165 1707 1304 1752 cum
1352 1686 1774 1753 Sieversio
1825 1688 2332 1768 exstirpabimus.
2424 1691 2708 1773 Namque

518 1827 647 1872 non
694 1808 817 1873 erit
860 1807 963 1872 hic
1012 1808 1417 1889 cogitandum
1465 1808 1544 1872 de
1590 1807 2124 1896 interpolatione,
2197 1811 2319 1874 erit
2376 1813 2454 1876 dc
2514 1819 2714 1877 trans-

520 1928 857 2010 positione.
936 1927 1212 1992 Dubium
1261 1928 1426 1992 enim
1473 1928 1600 1991 iam
1648 1947 1788 1993 esse
1834 1927 2074 2008 nequit,
2124 1930 2276 2010 quin
2321 1931 2480 1998 haec
2523 1935 2714 1998 verba

524 2069 599 2112 ex
644 2049 785 2111 loco
833 2045 1137 2111 inferiore
1182 2047 1305 2111 huc
1353 2046 1664 2111 translata
1705 2047 1831 2111 sint
1857 2046 2099 2112 falsarii
2148 2050 2472 2116 cuiusdam
2521 2071 2710 2132 opera

524 2166 849 2231 Ciceronis
919 2172 1157 2229 temere
1233 2165 1610 2246 aucupantis
1691 2164 2168 2232 similitudinem
2233 2188 2437 2248 nequo
2505 2169 2704 2231 consi-

522 2285 824 2366 derantia
874 2287 1340 2367 discrepantem
1374 2286 1716 2350 verborum
1746 2285 2032 2352 ordinem
2059 2288 2334 2370 ipsorum
2367 2289 2690 2351 verborum

524 2405 741 2470 deberi
776 2407 1260 2486 discrepantiae.
1312 2404 1692 2471 Continetur
1719 2413 1931 2471 autem
1956 2406 2112 2472 haec
2144 2428 2282 2473 cum
2314 2407 2450 2473 aliis
2474 2406 2700 2485 verbis,

521 2531 655 2589 tum
715 2525 1068 2593 interiecto·
1116 2528 1285 2608 apud
1334 2526 1459 2593 Cic,
1520 2526 1821 2592 adverbio
1901 2527 2242 2609 ‘omni'no‘,
2313 2528 2482 2610 quod
2536 2532 2708 2591 recte

522 2646 884 2711 observavit
933 2647 1360 2714 Sieversiu
1378 2668 1425 2711 s.
1855 2718 1864 2729 ¹
2405 2624 2410 2627 ¹

690 2767 785 2831 Ne
818 2774 1030 2832 autem
1065 2768 1317 2831 silentio
1344 2767 1952 2847 praetermittamus,
1986 2765 2106 2831 hac
2145 2768 2221 2831 de
2254 2788 2323 2833 re
2362 2770 2516 2849 quid
2542 2768 2718 2833 vide-

522 2866 670 2950 atur¹
712 2887 1170 2966 Ostmanno,
1220 2886 1329 2967 qui
1375 2885 1716 2950 novissime
1763 2885 1929 2951 hunc
1974 2885 2182 2951 locum
2230 2887 2718 2969 pervestigavit3

520 3013 693 3072 totus
740 3007 845 3072 ille
895 3007 1152 3089 quidem
1200 3012 1297 3071 est
1339 3006 1892 3071 Sieversianus
1936 3026 2143 3087 neque
2191 3007 2538 3089 quidquam
2584 3008 2722 3087 ipse

521 3128 670 3192 novi
718 3128 798 3193 ad
846 3148 987 3193 eam
1033 3146 1168 3193 rem
1216 3126 1431 3190 attulit
1468 3127 1592 3192 nisi
1633 3126 1804 3207 quod
1843 3124 2199 3206 affirmavit,
2248 3127 2359 3191 illa
2399 3129 2596 3193 verba
2622 3130 2723 3193 ‘ne

522 3266 725 3331 quam-
781 3301 846 3315 ..
895 3298 910 3313 .
957 3302 971 3315 .
1022 3244 1547 3333 persequamur‘
1610 3246 1827 3329 spuria
1899 3264 2039 3310 esse
2115 3266 2256 3311 cum
2335 3248 2474 3330 ipse
2542 3249 2722 3313 inda-

521 3373 752 3447 gasset,
794 3374 941 3448 post
960 3370 1359 3449 cognovisse,
1410 3367 1901 3432 Sieversium
1935 3364 2106 3429 idem
2130 3384 2407 3432 censere.
2459 3368 2584 3432 Sed
2611 3387 2724 3432 no-

418 3513 425 3519 -
520 3487 727 3550 lumus
756 3486 890 3550 eius
924 3486 1099 3551 laudi
1126 3488 1507 3567 obtrectare,
1554 3488 1746 3551 modo
1777 3503 1857 3549 ne
1891 3503 1968 3548 ex
1995 3485 2104 3549 illo
2145 3505 2286 3550 cum
2309 3488 2723 3552 Sieversio

523 3624 835 3670 consensu
904 3606 1141 3671 erroris
1212 3605 1331 3671 sibi
1398 3612 1606 3669 sumat
1672 3605 2155 3671 immunitatem.
2246 3607 2504 3672 Erravit
2553 3606 2718 3671 enim

522 3744 662 3789 cum
708 3724 773 3787 in
820 3723 939 3789 hac
988 3731 1121 3789 tum
1167 3726 1233 3789 in
1280 3726 1406 3789 alia
1450 3744 1520 3789 re
1570 3744 1712 3790 cum
1754 3726 2172 3792 Sieversio
2223 3729 2722 3794 Ostmannus.

526 3842 632 3911 ‘Et
718 3846 784 3911 si
864 3845 1385 3913 transitionibus
1466 3846 1671 3913 nullis
1751 3849 2068 3931 utemur‘,
2147 3850 2319 3929 quod
2392 3845 2728 3912 brevitatis

516 3968 929 4042 praeceptum
973 3964 1139 4029 male
1185 3963 1581 4028 intellectum
1628 3974 1769 4030 esse
1815 3986 1852 4029 a
1885 3966 2282 4031 Sieversio
2333 3983 2525 4045 supra
2569 3981 2722 4043 pro-

517 4082 834 4160 bavimuS‚
902 4083 1157 4146 omnino
1222 4081 1560 4147 delendum
1619 4102 1760 4149 esse
1816 4083 1856 4149 1.
1906 4084 1944 4148 l.
1993 4104 2053 4165 p.
2106 4083 2186 4147 16
2255 4083 2419 4149 med.
2503 4088 2725 4149 censet
