3067 4525
2494 272 2587 343 25

559 471 953 537 Perscrutati
991 477 1136 535 sunt
1176 471 1619 538 difficillimum
1652 471 1816 535 hunc
1852 471 2064 534 10611111
2100 471 2590 555 Kayserus*)

393 598 456 656 et
502 597 648 672 post
695 609 838 655 eum
874 587 1463 674 Sieversius**),
1513 610 1783 673 quorum
1820 597 2088 671 uterque
2133 591 2485 658 offenderat
2526 593 2591 657 in

390 711 597 777 verbis
655 711 756 778 ‘ne
799 729 998 796 quam
1041 714 1110 777 in
1153 711 1381 778 aliam·
1409 731 1551 779 rem
1600 718 2050 796 transeamm,
2108 731 2191 780 ne
2230 713 2316 780 ab
2346 713 2589 781 ,ultimo

387 839 802 919 repetamuS,
861 849 943 897 ne
998 830 1194 916 lonye
1242 831 1794 917 persequamur‘,
1842 831 1935 895 ita
1979 837 2220 914 tamen,
2269 840 2373 914 ut,
2424 852 2589 917 quae

386 951 493 1016 ille
542 951 883 1015 dilucidius
932 950 1050 1033 (sic
1069 950 1112 1033 2)
1163 951 1540 1032 scriptorem
1590 949 1715 1014 alio
1766 951 1989 1016 ordine
2037 952 2353 1017 dicturum
2388 951 2586 1018 fuisse

385 1091 596 1153 neque
632 1071 867 1136 dixisse
899 1069 1304 1149 concesserit,
1351 1068 1454 1133 hic
1489 1068 1617 1133 iam
1649 1065 1859 1151 neque
1889 1071 1999 1136 illo
2036 1072 2178 1138 loco
2210 1093 2417 1155 neque
2454 1093 2591 1139 om-

387 1194 540 1258 nino
587 1193 926 1258 retinenda
975 1209 1115 1256 esse
1162 1190 1281 1255 sibi
1325 1181 1737 1272 persuaserit.
1786 1190 2169 1257 Provocavit
2199 1200 2471 1275 uterque
2510 1195 2592 1258 ad

395 1311 784 1378 simillimum
853 1311 1344 1394 Ciceronianum
1409 1310 1619 1374 locum
1641 1361 1655 1390 ,
1740 1328 1927 1390 quem
1996 1307 2190 1394 supra
2254 1312 2593 1378 maluimus

395 1433 569 1503 iuxta
603 1432 987 1512 adscribere,
1037 1450 1163 1512 quo
1202 1431 1404 1511 magis
1449 1449 1671 1494 eorum
1708 1430 2048 1511 perspicua
2088 1431 2256 1497 foret
2304 1453 2379 1499 ex
2425 1452 2595 1497 com-

393 1553 728 1634 paratione
778 1552 1148 1630 similitudO,
1197 1549 1324 1630 ille,
1371 1557 1444 1615 ut
1491 1570 1567 1615 ex
1614 1551 1837 1615 eadem
1882 1551 2215 1633 utriusque
2264 1552 2594 1633 scriptoris

394 1671 807 1738 similitudine
869 1670 1212 1735 verborum
1261 1669 1551 1734 ordinem
1596 1669 1830 1733 mutari
1875 1676 2157 1752 vetaret,
2217 1672 2353 1752 hic,
2402 1679 2473 1736 ut
2520 1692 2595 1737 ex

396 1811 617 1857 eorum
660 1792 728 1854 in
773 1791 1185 1856 similitudine
1235 1788 1666 1870 discrepantia
1712 1789 1992 1870 spuriam
2050 1796 2115 1854 et
2170 1792 2591 1857 adulterinam

331 1901 337 1906 ’
399 1929 542 1974 csse
573 1910 880 1975 librorum
911 1912 1254 1975 lectionem
1292 1912 1779 1976 demonstraret.
1829 1908 2111 1985 Quorum
2143 1916 2372 1976 neuter
2404 1907 2592 1992 plane

399 2027 556 2091 mihi
603 2027 923 2093 satisfecit.
988 2032 1074 2095 Et
1119 2033 1529 2114 Kayserus
1578 2029 1835 2113 quidem
1879 2030 2051 2094 haud
2100 2030 2231 2095 scio
2280 2049 2359 2094 an
2404 2030 2469 2093 in
2517 2049 2591 2094 eo

404 2149 957 2229 reprehendendus
1002 2152 1102 2232 sit,
1153 2152 1324 2233 quod
1363 2155 1611 2214 tantum
1644 2150 1812 2230 apud
1849 2169 1993 2214 eum
2024 2151 2238 2215 valent
2269 2150 2594 2216 Ciceronis

395 2266 506 2330 illa
549 2268 759 2348 verba,
808 2272 879 2333 ut
925 2291 1053 2335 non
1097 2280 1399 2337 vereatur
1452 2271 1821 2335 insimulare
1869 2270 2305 2353 Cornificium,
2354 2272 2419 2336 in
2465 2278 2595 2335 tra-

393 2386 618 2451 dendis
663 2388 938 2453 dilucide
979 2394 1279 2457 narrandi
1313 2384 1679 2475 praeceptis
1711 2410 1790 2456 ne
1824 2391 2031 2472 ipsum
2068 2391 2323 2471 quidem
2359 2391 2593 2455 dixisse

396 2505 554 2569 satis
603 2506 898 2572 dilucide.
949 2509 1250 2576 Defendit
1309 2514 1387 2578 ab
1444 2513 1564 2577 hac
1609 2513 1789 2577 illum
1832 2511 2065 2575 iniuria
2110 2510 2591 2589 Sieversius,

395 2624 508 2687 sed
573 2624 708 2690 eius
771 2630 1105 2708 quominus
1165 2634 1629 2714 amplectamur
1675 2631 2085 2711 sententiam,
2154 2630 2337 2694 haud·
2390 2647 2595 2709 pauca

393 2761 510 2807 nos
559 2752 845 2810 avocant.
924 2749 1188 2815 Monent
1236 2752 1422 2831 enim,
1468 2771 1549 2816 ne
1598 2752 1751 2832 quid
1794 2758 2035 2816 temere
2084 2750 2369 2815 animum.
2406 2748 2592 2813 indu-

395 2885 610 2931 camus
637 2867 860 2948 eicere,
903 2876 966 2933 et
1002 2890 1095 2950 ea,
1132 2891 1295 2953 quae
1331 2873 1618 2953 proxime
1645 2873 2045 2951 antecedunt,
2071 2871 2266 2936 verba
2295 2869 2591 2934 dicimus:

400 2983 712 3053 ‘dilucide
791 2990 1232 3059 narrabimus
1309 2996 1373 3059 si
1403 3042 1417 3058 .
1626 2999 1688 3059 ec
1768 3010 1994 3060 rerum
2066 3011 2153 3059 ac
2225 2998 2595 3076 temporum

395 3105 698 3173 ordinem
779 3111 1360 3195 conservabimm,
1435 3117 1510 3178 ut
1574 3118 1807 3198 qestae
1879 3130 1991 3180 res
2066 3117 2265 3178 erunt
2337 3115 2459 3177 aut
2522 3115 2594 3176 ut

387 3228 696 3311 potuisse
739 3232 893 3314 qeri
929 3230 1372 3314 videbuntur‘,
1434 3251 1597 3314 quae
1676 3238 1738 3295 61
1802 3232 1945 3313 ipsa
2019 3231 2188 3312 apud
2252 3236 2593 3310 utrumque

394 3344 772 3425 scriptorem
822 3350 1046 3413 eadem
1092 3351 1512 3433 inveniantur,
1562 3353 1685 3417 nisi
1732 3354 1903 3433 quod
1947 3352 2013 3415 in
2060 3350 2186 3415 Cic.
2234 3349 2398 3414 libro
2448 3355 2595 3413 ante

395 3470 468 3531 ut
535 3464 1047 3532 coniunctionem
1081 3470 1419 3536 interiecta
1463 3478 1608 3536 sunt
1644 3472 1841 3537 verba
1877 3470 1971 3537 ‘ut
2022 3473 2121 3538 ita
2174 3468 2590 3551 narrent-urs,

395 3605 558 3668 quae
585 3585 696 3667 (sc.
719 3590 795 3651 ut
813 3588 912 3652 ita
930 3586 1326 3681 narremus)
1372 3599 1593 3657 nostro
1644 3594 1867 3658 deesse
1906 3611 1981 3656 60
2025 3590 2227 3670 magis
2268 3589 2592 3667 miramur,

393 3706 565 3786 quod
599 3724 728 3769 non
753 3726 1092 3787 possumus
1127 3730 1256 3774 non
1289 3711 1495 3793 fateri,
1533 3713 1889 3777 orationem
1919 3710 2120 3774 multo
2144 3708 2371 3773 melius
2396 3707 2594 3772 fluere

391 3825 731 3891 interiecta
774 3826 886 3891 illa
933 3832 1250 3895 sententia
1297 3852 1487 3913 quam
1533 3834 1786 3898 omissa.
1878 3830 2042 3907 Quid
2086 3829 2331 3913 igitur,
2370 3832 2591 3893 nostro

567 4015 619 4080 ²⁸¹)
658 4014 710 4069 in
752 4014 838 4069 ed.
877 4015 996 4072 crit.
1031 4016 1179 4072 notis
1208 4036 1268 4087 p.
1304 4024 1406 4077 224
1449 4018 1593 4073 med.

563 4100 643 4171 **)
681 4098 872 4159 Rhein.
913 4103 1051 4160 Mus,
1087 4101 1339 4161 XXvnl.
1380 4123 1428 4178 p.
1469 4107 1565 4159 571
1610 4104 1647 4161 f.
