3067 4525
539 147 628 224 16

526 369 594 414 se
639 347 768 415 fert
835 350 1302 422 emendationis
1371 355 1799 441 suspicionem
1864 355 2375 446 interpolatoris,
2436 363 2546 446 qui
2606 355 2731 432 hoc

525 470 716 534 modo
801 473 1041 553 optime
1109 476 1364 558 explere
1424 479 1545 546 sibi
1628 483 1801 548 visus
1878 483 1961 548 sit
2036 483 2341 549 librorum
2411 485 2731 551 lacunam.

523 593 727 656 Multo
817 594 1077 660 maioris
1146 605 1243 662 est
1311 603 1661 682 momenti,
1753 603 1925 684 quod
1980 605 2245 685 praebet
2290 611 2551 685 praeter
2620 609 2735 671 ‹le-

523 713 778 778 terioris
847 723 1040 780 notae
1103 716 1352 798 aliquos
1413 721 1666 786 codices
1734 724 2321 802 praestantissimus
2384 725 2493 789 ille
2538 727 2730 792 Bam-

523 830 851 910 bergensis
913 833 1040 900 423
1105 837 1233 918 (b),
1311 857 1499 920 quem
1570 840 1801 904 librum
1866 843 2007 908 XII.
2078 844 2332 908 saeculo
2398 851 2729 910 exaratum

524 973 600 1016 ex
645 955 1086 1036 antiquissimo
1135 959 1422 1039 exemplo
1475 978 1590 1024 seu
1636 961 1981 1042 archetypo
2029 963 2483 1044 transcriptum
2528 965 2728 1048 Kay-

524 1095 754 1142 serus
822 1078 1194 1158 suspicatus·
1249 1085 1375 1158 est,
1443 1083 1995 1148 Destinonius
2052 1084 2445 1164 gravissimis
2500 1093 2563 1149 et
2621 1083 2728 1150 fir·-

521 1196 820 1262 missimis
867 1199 1258 1278 argumentis
1301 1199 1512 1282 fulsit,
1583 1201 1675 1266 ita
1718 1210 1788 1266 ut
1833 1203 1962 1267 iam
2018 1222 2205 1268 nemo
2264 1204 2342 1268 de
2404 1204 2541 1268 eius
2600 1205 2729 1268 vir-

524 1316 766 1380 tutibus
813 1318 1104 1382 dubitare
1151 1321 1374 1402 possit.
1465 1321 1631 1398 Quid
1675 1323 1872 1403 igitur
1916 1324 2211 1404 impedit,
2276 1326 2615 1405 quominus
2660 1328 2725 1391 in

520 1435 682 1500 hanc
729 1438 910 1518 quasi
959 1457 1170 1502 arcem
1215 1440 1623 1523 refugiamus,
1672 1443 1725 1508 si
1771 1444 1963 1507 modo
2008 1445 2179 1524 quod
2222 1446 2498 1526 petimus
2544 1447 2717 1510 auxi-

519 1555 674 1621 lium
717 1557 806 1622 ibi
851 1557 1254 1624 invenimus?
1343 1561 1634 1628 Servavit
1680 1582 1832 1628 sane
1876 1563 1980 1630 hic
2024 1564 2187 1631 liber
2253 1585 2329 1632 ex
2376 1565 2712 1645 archetypo

525 1696 600 1742 ea
656 1677 875 1761 plena,
948 1699 1217 1762 quorum
1285 1689 1470 1763 parte
1531 1684 1736 1750 altera
1798 1692 2017 1751 carent
2084 1685 2496 1752 vetustissimi
2551 1684 2716 1765 libri,

521 1800 718 1865 verba
747 1800 889 1865 dico
944 1802 1104 1871 ‘rem
1142 1823 1275 1871 mm
1307 1805 1653 1890 hominem,
1694 1807 2017 1876 hominem
2053 1826 2188 1876 non
2220 1799 2496 1896 rem‘.*)
2540 1803 2725 1882 Quae

520 1917 732 1997 lectiO,
779 1927 850 1980 ut
881 1921 1087 1998 primo
1125 1924 1338 1985 statim
1372 1926 1678 2003 adspectu
1713 1926 1921 1989 minus
1954 1927 2071 1989 tibi
2110 1926 2437 2004 arridebit,
2488 1927 2726 2007 quippe

523 2036 631 2114 qui
677 2035 870 2098 alium
919 2035 1244 2099 desideres
1289 2038 1631 2100 verborum
1678 2041 1997 2116 ordinem,
2060 2042 2151 2100 ita
2210 2041 2401 2102 altius
2448 2061 2587 2105 rem
2634 2046 2731 2106 111-

525 2154 801 2235 quirenti
847 2153 1005 2218 nihil
1049 2173 1311 2235 prorsus
1361 2156 1512 2234 erit,
1584 2156 1754 2236 quod
1820 2160 1931 2214 tuo
1998 2152 2137 2213 iure
2203 2153 2349 2212 huic
2411 2172 2723 2231 opponas.

523 2275 816 2353 Accedit,
885 2275 1055 2355 quod
1100 2274 1340 2337 nullam
1388 2273 1643 2335 omnino
1692 2277 1905 2336 movet
1950 2268 2469 2349 interpolationis
2517 2273 2724 2349 suspi-

526 2396 793 2460 cionem.
2609 2469 2613 2470 γ

695 2514 832 2592 Qua
875 2515 941 2581 in
984 2515 1262 2581 lectione
1310 2533 1423 2579 cur
1465 2533 1595 2579 non
1640 2512 2030 2595 acquieverit
2064 2508 2453 2576 Klotzius
2500 2515 2565 2575 et
2612 2528 2727 2575 8611

527 2634 606 2700 (16
667 2655 781 2701 8116
828 2639 1146 2703 sententia
1191 2656 1304 2702 seu
1351 2655 1426 2699 ex
1469 2633 1900 2712 Rhedigerani
1964 2632 2082 2719 (9¹)
2145 2632 2382 2698 codicis
2427 2631 2720 2697 sordibus

523 2777 636 2823 seu
697 2758 821 2822 alio
885 2757 1101 2822 nescio
1162 2775 1286 2837 quo
1345 2759 1607 2818 auctore
1654 2750 1973 2816 addiderit
2022 2750 2533 2818 coniunctionem
2580 2757 2719 2835 aut,

525 2880 820 2962 equidem
891 2895 1146 2942 causam
1213 2873 1530 2955 perspicio
1579 2872 1835 2936 nullam.
1928 2871 2288 2937 Verborum
2336 2874 2505 2937 enim
2554 2872 2725 2937 simi-

522 3000 791 3066 litudine
858 2998 1098 3063 factum
1167 3014 1305 3061 esse
1375 2964 1781 3077 perspicuum
1856 2999 1987 3073 est,
2068 2997 2140 3055 ut
2205 2992 2505 3059 librarius
2573 3009 2721 3053 ocu-

523 3123 732 3187 lorum
776 3120 962 3201 lapsu
1008 3119 1277 3182 alteram
1325 3134 1546 3180 eorum
1579 3120 1829 3195 partem
1873 3111 2217 3192 omitteret,
2266 3112 2381 3175 sed
2428 3108 2717 3174 omisisse·
2756 3194 2761 3197 Ι

528 3259 911 3324 quemquam
977 3244 1099 3307 aut
1145 3235 1657 3302 coniunctionem
1703 3239 1849 3297 ante
1888 3231 2393 3313 redintegratum
2437 3230 2720 3299 hominis

525 3362 904 3428 vocabulum
949 3378 1078 3423 non
1143 3364 1239 3422 est
1283 3355 1681 3421 verisimile..
1739 3355 1939 3418 Immo
2009 3369 2161 3415 vero
2223 3350 2594 3431 saepissime
2658 3350 2725 3414 in

525 3480 706 3549 libris
753 3477 1192 3544 Cornificianis
1236 3495 1356 3541 usu
1399 3477 1609 3557 venit,
1679 3481 1749 3539 ut
1809 3473 2239 3539 recentiorum
2298 3471 2587 3537 codicum
2649 3469 2725 3533 li-

701 3741 758 3809 *)
796 3736 953 3804 Quod
989 3732 1134 3791 idem
1173 3734 1338 3790 habet
1373 3730 1553 3791 codex
1582 3730 2053 3800 llonasteriensiS,
2091 3747 2248 3803 quem
2287 3727 2483 3783 librum
2522 3721 2718 3821 novis-

529 3824 665 3881 sime
702 3824 961 3878 collatum
997 3820 1306 3893 Langenius
1343 3820 1558 3873 censuit
1598 3817 1875 3873 nonnullis
1917 3817 2057 3872 locis
2096 3817 2275 3871 solum
2312 3825 2495 3866 veram
2546 3822 2726 3878 scrup-

529 3917 702 3977 turam
741 3925 1024 3979 servasse,
1079 3908 1204 3963 aliis
1255 3923 1373 3961 cum
1426 3922 1533 3963 uno
1582 3906 1829 3962 alterove
1882 3905 1934 3961 in
1987 3921 2119 3959 vera
2158 3902 2422 3969 scriptura
2460 3895 2725 3952 tradenda

531 3995 860 4062 consentire.
