3067 4525
520 227 617 304 20

515 433 710 498 verba
754 433 1269 502 ‘similitudinem
1305 432 1774 517 conseremu‘s‘‚
1833 434 2045 515 quoad
2082 430 2258 496 illum
2296 429 2508 505 locum
2539 423 2716 494 Cice-

514 554 884 636 romanum,
948 554 1001 618 si
1046 573 1173 618 non
1218 554 1656 632 incommoda,
1727 561 1793 618 at
1840 571 2311 634 supervacanea
2355 557 2421 616 et
2465 549 2718 614 inutilia

517 695 657 740 esse
704 677 1015 740 videntur.
1102 675 1229 740 Sed
1275 683 1419 740 sunt
1464 674 1762 754 ferenda3
1813 681 1958 739 suut
2003 673 2146 752 alia,
2198 691 2360 754 quae
2405 669 2562 736 ferri
2605 689 2716 733 ne-

516 803 769 878 queant.
862 795 1015 872 Quis
1062 794 1229 860 enim
1275 815 1402 859 non
1448 795 1679 860 merito
1731 795 2178 876 reprehendat,
2228 793 2455 874 quibus
2501 793 2717 858 amba-

516 916 699 994 gibus
744 916 827 978 ad
871 915 983 979 illa
1026 917 1167 997 ipsa
1214 917 1421 981 oratio
1468 917 1948 997 transducatur,
1999 917 2096 981 sin
2143 916 2331 980 aliter
2375 932 2527 979 vera
2573 920 2715 978 sunt

516 1034 813 1099 Cornifici
861 1037 1083 1117 verba,
1155 1057 1317 1118 quae
1378 1039 1690 1119 praebent
1748 1039 1829 1102 ad
1883 1056 2076 1100 unum
2122 1035 2259 1102 fere
2305 1054 2526 1101 omnes
2569 1034 2714 1099 libri

513 1175 707 1221 manu
744 1155 965 1236 scripti
1003 1156 1260 1226 ‘deinde
1283 1159 1378 1226 ad
1395 1165 1705 1227 nostram
1726 1177 2010 1227 causam
2030 1157 2496 1244 pedetemptim
2517 1172 2715 1224 acce-

516 1274 823 1343 demus‘?
928 1276 1062 1342 Nec
1108 1278 1369 1359 mirum,
1443 1280 1616 1368 quod
1673 1278 1829 1342 nihil
1887 1277 2198 1344 eiusmodi
2254 1277 2295 1340 l.
2344 1275 2383 1340 l.
2432 1275 2716 1341 invenias

516 1396 685 1477 apud
743 1394 1135 1463 Ciceronem.
1228 1398 1355 1463 Sed
1419 1399 1695 1463 alienum
1759 1399 1881 1464 hoc
1946 1398 2203 1480 quidem
2268 1403 2366 1462 est
2427 1397 2620 1462 etiam
2677 1416 2716 1460 a

515 1513 854 1582 Cornificio
888 1535 1095 1600 neque
1134 1517 1388 1583 omnino
1419 1517 1771 1584 ferendum.
1821 1520 2086 1584 Accedit
2111 1520 2302 1602 quod,
2335 1538 2498 1600 quae
2522 1520 2714 1584 verba

512 1637 615 1702 hic
676 1637 844 1702 male
911 1653 1127 1703 rerum
1192 1640 1422 1705 seriem
1490 1643 1959 1726 interrumpere
2005 1642 2335 1720 videntur,
2399 1639 2525 1704 alio
2573 1639 2711 1705 loco

515 1777 707 1842 aegre
767 1760 1231 1827 desiderantur.
1324 1764 1688 1830 Redeamus
1754 1763 1836 1828 ad
1905 1781 2012 1844 ea,
2082 1780 2245 1844 quae
2315 1777 2509 1842 supra
2569 1756 2718 1822 reli-

519 1881 787 1962 quimus.
836 1882 1138 1962 Legimus
1198 1885 1375 1949 brevi
1424 1891 1610 1949 ante:
1713 1884 1970 1952 ‘deinde
2057 1902 2256 1969 quom
2352 1881 2468 1947 diu
2575 1897 2717 1946 rem

513 2003 927 2080 aemerv’muS,
984 2002 1120 2066 nile
1139 2002 1203 2066 il
1250 2006 1533 2068 simile
1588 2024 1634 2069 a
1688 2001 1882 2067 nobis
1931 2001 2193 2080 factum
2246 1995 2716 2065 osten-demus‘.

516 2124 681 2203 Quid
715 2124 830 2189 tibi
860 2125 1096 2189 videris
1124 2143 1351 2190 causae
1375 2125 1592 2205 fuisse,
1639 2145 1752 2189 cur
1780 2123 1968 2188 ‘nillil
1997 2123 2240 2187 simile‘
2260 2121 2494 2182 Cornif.
2531 2139 2715 2184 usur-

513 2252 699 2327 paret
743 2262 858 2325 pro
914 2243 1086 2311 nillil
1133 2244 1301 2307 nude
1364 2246 1576 2326 posito
1644 2249 1753 2308 aut
1818 2257 1936 2322 pro
2011 2237 2180 2305 nihil
2210 2236 2538 2304 eiusmodi
2600 2208 2712 2299 aut

516 2364 788 2444 denique
830 2380 946 2441 pro
994 2364 1164 2431 nihil
1211 2381 1470 2450 eornm,
1519 2364 1694 2446 quod
1738 2363 1907 2427 idem
1951 2359 1992 2424 l.
2038 2359 2078 2422 l.
2128 2355 2415 2421 adhibuit
2439 2354 2712 2420 Cicero?

518 2484 753 2548 Verum
802 2481 969 2547 enim
1013 2504 1164 2550 vero
1214 2505 1291 2551 ex
1338 2504 1413 2551 ea
1443 2488 1585 2571 ipsa
1625 2505 1715 2567 re,
1763 2483 1937 2567 quod
1959 2481 2168 2545 minus
2196 2478 2435 2542 usitato
2463 2474 2716 2539 dicendi

519 2624 752 2687 genere
812 2606 1003 2676 ‘nihil
1048 2609 1292 2677 simile‘
1341 2607 1579 2675 Cornif.
1644 2626 1796 2673 usus
1860 2609 1988 2685 est,
2052 2607 2164 2665 tuo
2233 2600 2372 2664 iure
2421 2594 2715 2676 coniciaS‚

515 2728 968 2797 similitudinis
1020 2734 1296 2813 aliquam
1323 2747 1547 2793 vocem
1577 2728 1729 2791 etin
1764 2724 2200 2806 superioribus
2224 2720 2420 2785 fuisse
2448 2733 2717 2798 eamque

518 2877 645 2923 una
691 2874 833 2920 cum
880 2852 1021 2917 aliis
1066 2847 1385 2914 nonnullis
1432 2846 1644 2911 verbis
1699 2844 2108 2910 librariorum
2169 2844 2234 2906 in
2295 2836 2716 2904 describendo

519 2975 815 3043 socordia
860 2991 999 3038 esse
1037 2971 1354 3035 omissam.
1404 2967 1653 3032 Accidit
1688 2973 1920 3047 autem,
1969 2971 2058 3047 ut,
2099 2982 2261 3045 quae
2299 2962 2491 3024 modo
2521 2959 2586 3023 in
2619 2977 2718 3023 se-

520 3095 859 3180 quentibus
883 3093 1093 3158 verbis
1128 3109 1318 3172 aegre
1349 3088 1616 3153 ferenda
1653 3094 1762 3152 aut
1801 3087 2056 3151 omnino
2096 3103 2228 3148 non
2270 3080 2536 3146 ferenda
2582 3080 2720 3144 visa

523 3226 696 3300 sunt,
768 3216 991 3281 eadem
1038 3214 1103 3278 in
1147 3213 1313 3277 hunc
1358 3212 1571 3276 locum
1615 3208 1931 3273 translata
1979 3205 2285 3287 optimam
2332 3202 2718 3269 sententiam

522 3339 893 3423 praebeant,
942 3334 1138 3400 verba
1174 3332 1439 3397 dicimus
1472 3332 1739 3415 (omissa
1766 3326 2066 3395 videlieet
2097 3321 2414 3405 particula
2456 3324 2716 3409 deinde,

526 3479 717 3542 quam
778 3460 1024 3521 mutato
1091 3453 1343 3517 demum
1413 3448 1871 3517 sententiarum
1942 3444 2165 3509 ordine
2233 3440 2516 3508 additam
2580 3438 2719 3509 esse

524 3578 933 3667 perspicuum
982 3572 1105 3656 est)
1156 3571 1271 3639 ‘ad
1320 3576 1630 3639 nostram
1673 3585 1955 3635 causam
2005 3566 2470 3653 pedetemptim
2507 3580 2718 3632 acce—

527 3705 755 3772 demus
823 3701 888 3764 et
956 3692 1451 3762 similitudinem
1532 3686 1997 3773 conferemus<
2084 3685 2307 3766 Neque
2383 3686 2551 3750 enim
2616 3683 2719 3746 hic

532 3816 1039 3890 ‘similitudinem
1072 3810 1524 3898 conferemus‘
1565 3810 1752 3874 inane
1780 3807 2089 3889 trahetur,
2139 3806 2240 3871 cui
2274 3804 2528 3885 egregie
2543 3800 2718 3867 'nunc

525 3938 910 4020 respondeat
991 3934 1179 4001 ‘nihil
1252 3934 1464 4001 simile
1532 3952 1578 3999 a
1645 3930 1839 3997 nobis
1906 3929 2166 4012 factum
2247 3922 2713 4007 ostendemus‘,

529 4077 735 4140 neque
823 4056 937 4123 ‘ad
1012 4058 1319 4123 nostram
1397 4030 1680 4120 causam
1759 4050 2222 4137 pedetemptim
2302 4043 2728 4118 ‘accedemus‘
