3067 4525
1123 1103 1906 1211 Praefatio

663 1481 769 1574 De
832 1477 1131 1572 Cornifici
1190 1502 1660 1569 rhetoricorum
1719 1502 1900 1568 libris
1965 1503 2137 1584 quod
2181 1521 2310 1590 non
2360 1502 2629 1568 eandem

428 1644 645 1691 omnes
693 1646 963 1709 aequam
1014 1625 1399 1691 sententiam
1444 1621 1732 1687 tulerunt
1759 1625 1879 1688 viri
1927 1624 2118 1705 docti,
2165 1624 2337 1689 haud
2371 1624 2502 1689 scio
2533 1642 2631 1687 an

426 1766 555 1811 non
602 1749 737 1812 sine
786 1749 999 1830 aliquo
1047 1749 1186 1813 iure
1232 1737 1644 1828 Kayserus
1689 1747 1755 1809 in
1799 1744 2200 1826 praefatione
2263 1747 2359 1809 ed.
2410 1745 2546 1810 crit.
2569 1745 2631 1828 *)

428 1883 489 1944 p.
536 1865 671 1929 XV.
721 1865 805 1929 in.
855 1867 1154 1933 tribuerit
1197 1864 1440 1946 ingenti
1506 1864 1602 1927 illi
1661 1863 2172 1930 foedissimamm
2235 1865 2634 1946 interpolati-

434 2003 625 2048 onum
670 1987 1083 2068 multitudini,
1134 2005 1296 2068 quae
1343 1985 1552 2050 iustae
1601 2004 1822 2050 eorum
1869 1985 2322 2052 existimationi
2370 1987 2626 2052 obstare

433 2079 833 2190 viderentur,
905 2126 1289 2190 quamquam
1360 2124 1489 2170 non
1549 2106 1796 2170 minore
1855 2107 1918 2171 in
1978 2106 2165 2187 culpa
2224 2107 2410 2172 nobis
2468 2113 2632 2186 sunt,

436 2248 597 2311 quae
666 2230 830 2313 aliae
898 2231 1121 2295 sordes
1187 2229 1536 2295 obruerant
1605 2227 1810 2293 adhuc
1876 2217 2074 2292 libros
2145 2225 2500 2293 Cornificia
2521 2246 2665 2292 nos.

432 2352 688 2417 Etenim
737 2371 900 2433 quae
946 2352 1012 2415 in
1058 2351 1199 2415 aliis
1247 2367 1502 2430 quoque
1562 2349 1742 2413 libris
1799 2348 1970 2413 haud
2016 2367 2163 2414 raro
2210 2349 2367 2414 vitia
2413 2350 2635 2430 depre-

436 2470 737 2535 henderis
786 2478 849 2533 et
892 2470 1299 2533 librariorum
1360 2470 1425 2533 in
1469 2470 1954 2536 transcribendo
2016 2490 2129 2535 seu
2175 2470 2458 2534 incuriae
2527 2490 2638 2535 seu

442 2590 775 2653 socordiae
820 2589 1051 2653 merito
1101 2590 1572 2671 adsignaveri3‚
1637 2609 1856 2655 eorum
1918 2590 1984 2654 in
2028 2564 2126 2654 his
2170 2591 2350 2657 libris
2397 2597 2640 2655 tantam

440 2709 675 2774 molem
724 2707 1119 2791 offendimus,
1165 2717 1236 2773 ut
1275 2712 1356 2775 ad
1404 2729 1481 2775 ea
1526 2710 1669 2790 ipsa
1716 2712 1928 2776 omnia
1972 2712 2336 2793 indaganda
2379 2712 2640 2776 investi-

444 2829 778 2910 gandaque
838 2829 1009 2894 haud
1068 2831 1377 2895 mediocri
1451 2833 1663 2897 studio
1733 2839 1924 2914 atque
1982 2834 2204 2898 labore
2271 2851 2430 2912 opus
2501 2850 2641 2896 esse

442 2949 757 3014 videatur.

615 3073 975 3153 Accedunt,
1057 3092 1219 3154 quae
1274 3076 1539 3158 propria
1616 3075 1734 3145 hos
1808 3076 2008 3142 libros
2081 3074 2239 3140 vitia
2319 3082 2632 3156 premant.

446 3192 728 3269 Quorum
773 3194 839 3257 in
875 3213 1139 3259 numero
1184 3196 1539 3277 principem
1576 3196 1788 3262 locum
1837 3203 1900 3262 et
1934 3215 2051 3261 nos
2084 3195 2208 3277 ipsi
2240 3195 2644 3259 concedimus

448 3315 575 3379 illis
619 3314 1223 3396 interpolationibus
1272 3336 1413 3381 cum
1470 3316 1879 3382 multitudine
1935 3322 2070 3378 tum
2127 3314 2438 3379 foeditate
2496 3312 2648 3376 insi-

451 3434 696 3515 gnibus,
744 3454 905 3516 quae
934 3438 1164 3504 mirum
1198 3438 1263 3501 in
1294 3441 1560 3504 modum
1588 3436 2048 3504 Cornificianae
2097 3436 2404 3500 orationis
2452 3453 2648 3516 quan-

455 3552 600 3617 dam
680 3555 1031 3620 siccitatem
1105 3564 1295 3638 atque
1386 3559 1786 3623 ieiunitatem
1869 3555 2297 3636 interpellent.
2412 3555 2649 3619 Earum

454 3680 668 3739 autem
716 3675 948 3757 duplex
979 3678 1250 3775 maxime
1292 3697 1492 3759 genus
1533 3678 1932 3741 distinxeris:
1979 3695 2174 3741 unum
2209 3693 2445 3753 earum⁷
2495 3692 2651 3754 quas

454 3832 536 3843 --
578 3804 651 3861 ut
695 3797 763 3861 in
804 3797 985 3863 libris
1029 3798 1096 3862 in
1140 3799 1501 3863 scholarum
1546 3818 1730 3864 usum
1762 3798 1974 3863 medio
2010 3798 2180 3878 quod
2217 3796 2450 3860 dicitur
2495 3814 2652 3859 aevo

593 4039 646 4111 ²⁸⁸)
685 4038 944 4095 Cornifici
983 4035 1387 4094 rhetoricorum
1423 4038 1490 4092 ad
1524 4038 1589 4093 C.
1627 4037 1954 4093 Herennium
2011 4034 2139 4088 libri
2190 4033 2287 4088 IV.
2363 4030 2658 4087 Recensuit

458 4129 513 4180 et
548 4124 936 4201 interpretatus
976 4130 1063 4179 est
1100 4123 1158 4178 C.
1199 4120 1256 4177 L.
1296 4121 1524 4194 Kayser.
1596 4123 1814 4196 Lipsiae
1851 4118 2223 4176 MDCCCLIV.

2182 4221 2244 4277 10
